2025 3357
287 349 369 390 408
715 358 779 387 ΤΗ
787 358 996 388 EOLOGIA
1026 358 1322 389 NATURALIS.

288 486 540 528 conditione
565 499 588 525 a
611 485 749 526 libera
773 489 973 526 creatura
996 485 1227 539 ponenda3
1262 487 1323 527 ita
1347 486 1469 528 Deus
1491 488 1591 528 vult
1613 488 1748 528 homi-

286 571 364 597 nes
403 555 615 609 consequi
652 554 927 602 felicitatem,
951 553 1190 596 dummodo
1229 570 1386 610 nempe
1424 556 1566 611 legem
1605 557 1748 599 obser-

286 629 406 666 vent.

346 693 401 732 20.
435 693 477 732 111
504 692 783 732 voluntatem
809 690 1147 733 antecedentem
1171 696 1215 733 et
1248 698 1609 747 consequentem.
1670 694 1747 735 Ad

285 762 398 802 hanc
422 759 759 815 intelligendam
784 758 917 801 debet
949 759 1162 801 declarari
1186 760 1295 815 quid
1318 762 1375 802 sit
1397 762 1509 802 illud
1531 763 1668 804 relate
1692 763 1748 804 ad

286 829 407 884 quod
430 829 638 869 voluntas
671 827 823 868 divina
857 828 913 868 sit
946 828 1214 870 antecedens
1236 830 1308 871 vel
1343 844 1632 884 consequens.
1694 831 1749 872 Id

286 903 433 939 autem
478 902 545 938 est
588 897 681 951 ipsa
724 897 839 937 actio
881 897 1020 938 libera
1063 905 1289 939 creaturae.
1355 898 1501 949 Quare
1540 901 1748 941 voluntas

287 968 538 1009 antecedens
573 971 637 1007 est
672 967 747 1006 illa
781 966 906 1021 cujus
939 971 1034 1007 tota
1066 968 1178 1007 ratio
1205 968 1251 1008 in
1275 967 1359 1009 Dei
1392 968 1591 1010 bonitate
1615 970 1746 1017 sistit,

286 1036 552 1092 praecedens,
592 1036 633 1075 in
676 1036 802 1089 signo
840 1036 975 1090 priori
1018 1041 1202 1085 naturae,
1240 1038 1550 1091 przevisionem
1592 1038 1747 1079 futuri.

287 1105 357 1147 Sic
397 1106 519 1147 Deus
556 1105 656 1145 vult
692 1118 770 1145 seu
801 1103 997 1145 destinat
1034 1119 1185 1146 omnes
1220 1105 1419 1147 homines
1454 1121 1545 1148 esse
1582 1107 1747 1148 beatos.

295 1174 562 1230 Consequens·
581 1188 630 1214 ea
654 1172 831 1221 dieitur,
852 1174 978 1228 cujus
1001 1175 1112 1214 ratio
1138 1175 1329 1215 includit
1350 1190 1460 1229 opus
1483 1175 1685 1225 liberum,
1704 1181 1748 1217 et

286 1243 576 1298 subsequitur
600 1242 831 1283 scientiam
855 1242 1051 1283 visionis.
1115 1242 1186 1284 Sic
1211 1244 1418 1284 voluntas
1445 1245 1603 1298 impios
1625 1245 1750 1299 puni-

287 1313 390 1355 endi
429 1326 706 1366 consequens
744 1316 823 1352 est.
888 1311 1111 1353 Voluntas
1155 1327 1431 1367 consequens
1469 1320 1535 1354 est
1577 1328 1749 1368 semper

288 1382 617 1429 conditionata3
651 1385 695 1421 at
719 1381 929 1422 voluntas
953 1381 1220 1423 antecedens
1243 1396 1331 1422 non
1354 1387 1421 1423 est
1444 1382 1749 1423 conditionata

286 1452 370 1493 nisi
405 1449 583 1505 quando
608 1450 827 1491 terminus
851 1455 918 1491 est
944 1455 1045 1491 actu
1072 1450 1411 1504 consequernlus
1434 1466 1511 1505 per
1534 1466 1751 1505 co-opera-

286 1521 455 1562 tionem
507 1520 689 1560 liberam
745 1524 971 1567 creaturze,
1014 1520 1059 1559 in
1113 1534 1201 1574 qua
1252 1520 1489 1574 hypothesi
1540 1522 1749 1562 voluntas

287 1589 554 1631 antecedens
591 1589 805 1643 supponit
844 1588 1142 1630 conditionem
1179 1590 1440 1644 ponendam,
1474 1604 1749 1645 consequens

287 1673 392 1701 vero
416 1658 716 1699 conditionem
744 1658 947 1712 positam.

346 1727 403 1768 3⁰.
436 1728 481 1767 in
505 1727 783 1767 voluntatem
814 1727 1144 1781 praecipientem
1178 1731 1222 1767 et
1253 1729 1600 1781 permittentem.
1663 1728 1752 1768 Vo—

286 1798 437 1838 luntas
463 1796 725 1852 yjmwce'pe'ens
748 1801 815 1837 est
840 1797 1048 1836 voluntas
1072 1797 1350 1851 legislatoris,
1375 1796 1617 1838 decernens
1640 1797 1750 1852 quid

289 1881 419 1908 causa
452 1866 591 1907 libera
625 1864 751 1905 finita
776 1864 932 1914 facere,
957 1865 1029 1906 vel
1059 1866 1263 1906 omittere
1291 1865 1463 1907 debeat.
1526 1866 1749 1907 Voluntas

288 1937 380 1977 haec
415 1940 482 1977 est
515 1949 687 1989 semper
721 1934 936 1983 absoluta,
960 1934 1065 1975 licet
1100 1948 1187 1974 non
1223 1934 1423 1975 absolute
1457 1935 1657 1976 obtineat
1679 1935 1751 1976 ob-

288 2006 599 2049 servatiffliem,
638 2004 743 2057 quia
782 2003 1032 2058 Legislator
1068 2003 1168 2043 vult
1211 2003 1352 2058 legem
1390 2003 1526 2045 libere
1568 2005 1748 2045 servari.

290 2074 451 2125 Quare,
484 2087 573 2127 11111ι
611 2079 713 2113 actu
757 2072 1051 2113 observantiae
1089 2072 1212 2127 legis,
1244 2073 1453 2113 voluntas
1489 2073 1748 2126 praecipiens

288 2159 376 2184 non
402 2148 468 2184 951
500 2157 672 2196 semper
705 2141 873 2182 efficax.
937 2139 1050 2181 Cum
1075 2142 1307 2182 voluntate
1341 2142 1624 2196 prcecipiente
1652 2156 1750 2182 con—

289 2213 485 2253 nectitur
516 2212 726 2252 voluntas
758 2210 1015 2265 permittens
1047 2210 1333 2264 permissione
1372 2211 1580 2265 negativa
1612 2216 1751 2251 trans-

289 2282 559 2337 gressionem
584 2280 706 2334 legis,
725 2294 778 2320 ne
798 2278 1066 2332 impediatur
1083 2278 1276 2320 libertas.
1327 2279 1398 2319 Ab
1417 2279 1496 2319 hac
1516 2280 1747 2320 voluntate

289 2351 590 2405 permittente,
629 2362 761 2402 quam
805 2348 1116 2388 aeconolnicam
1159 2347 1340 2402 quidam
1382 2353 1557 2393 vocant,
1600 2348 1747 2389 differt

289 2420 498 2459 voluntas
521 2418 784 2472 permittens
816 2416 1079 2471 legislativa,
1103 2430 1201 2470 qute
1229 2417 1465 2470 p‹'›sitiva1n
1487 2416 1746 2458 facultatem

288 2487 544 2542 impertitur
567 2485 736 2539 aliquid
758 2484 964 2531 faciendi„
987 2486 1059 2526 vel
1086 2485 1335 2526 omittendi.
1400 2485 1622 2526 Voluntas
1640 2501 1750 2540 pra)-

291 2557 454 2612 eiffl'ens·
496 2560 561 2596 est
604 2554 735 2594 simul
778 2554 989 2601 scmee'ens,
1027 2554 1187 2593 statuit
1238 2568 1393 2607 nempe
1437 2555 1666 2607 praemium
1703 2559 1748 2594 91

290 2639 491 2680 poenam3
525 2629 567 2664 et
598 2623 659 2663 ita
683 2621 959 2663 considerata
982 2627 1269 2675 rep1·a¹sentat
1292 2621 1570 2675 adaequatam
1594 2623 1750 2663 volun-

290 2698 428 2734 tatem
454 2692 752 2747 Legislatoris‚
776 2705 874 2744 quae
898 2691 958 2731 sic
982 2691 1180 2744 inspecta
1202 2705 1373 2744 semper
1395 2691 1618 2745 impletur.

349 2761 410 2802 40.
445 2760 644 2801 Tandem
677 2760 848 2800 ratione
881 2773 1023 2799 nexus
1056 2760 1382 2800 consecutionis
1415 2760 1530 2800 inter
1562 2759 1647 2801 Dei
1676 2774 1748 2800 vo-

291 2830 511 2872 luntatem
534 2834 578 2871 et
601 2828 825 2883 objectum
849 2827 1052 2876 volitum,
1072 2828 1280 2868 voluntas
1304 2826 1520 2868 dividitur
1542 2828 1588 2868 in
1610 2827 1749 2869 effica-
