<?xml version="1.0" encoding="UTF-8"?>
<!DOCTYPE html PUBLIC "-//W3C//DTD XHTML 1.0 Transitional//EN"
    "http://www.w3.org/TR/xhtml1/DTD/xhtml1-transitional.dtd">
<html xmlns="http://www.w3.org/1999/xhtml" xml:lang="en" lang="en">
 <head>
  <title>
</title>
<meta http-equiv="Content-Type" content="text/html;charset=utf-8" />
  <meta name='ocr-system' content='tesseract 3.04.00' />
  <meta name='ocr-capabilities' content='ocr_page ocr_carea ocr_par ocr_line ocrx_word'/>
</head>
<body>
  <div class='ocr_page' id='page_1' title='image "./summaphilosophic00russ_0088.png"; bbox 0 0 2025 3357; ppageno 0'>
   <div class='ocr_carea' id='block_1_1' title="bbox 299 397 1321 439">
    <p class='ocr_par' dir='ltr' id='par_1_1' title="bbox 299 397 1321 439">
     <span class='ocr_line' id='line_1_1' title="bbox 299 397 1321 439; baseline 0 -1"><span class='ocrx_word' id='word_1_1' title='bbox 299 397 351 439; x_wconf 70' lang='grc'>74</span> <span class='ocrx_word' id='word_1_2' title='bbox 733 408 924 437; x_wconf 75' lang='lat' dir='ltr'>LocicAE</span> <span class='ocrx_word' id='word_1_3' title='bbox 957 408 1081 438; x_wconf 75' lang='lat' dir='ltr'>PARS</span> <span class='ocrx_word' id='word_1_4' title='bbox 1113 409 1321 438; x_wconf 78' lang='lat' dir='ltr'><strong>ALTERA.</strong></span> 
     </span>
    </p>
   </div>
   <div class='ocr_carea' id='block_1_2' title="bbox 280 537 1760 2935">
    <p class='ocr_par' dir='ltr' id='par_1_2' title="bbox 295 537 1759 1005">
     <span class='ocr_line' id='line_1_2' title="bbox 297 537 1756 594; baseline 0.002 -17"><span class='ocrx_word' id='word_1_5' title='bbox 297 537 635 592; x_wconf 80' lang='lat' dir='ltr'>doctrinamque</span> <span class='ocrx_word' id='word_1_6' title='bbox 679 537 1022 592; x_wconf 83' lang='lat' dir='ltr'>acquirendam3</span> <span class='ocrx_word' id='word_1_7' title='bbox 1075 538 1196 587; x_wconf 79' lang='lat' dir='ltr'>alios,</span> <span class='ocrx_word' id='word_1_8' title='bbox 1235 538 1399 592; x_wconf 87' lang='lat' dir='ltr'>quibus</span> <span class='ocrx_word' id='word_1_9' title='bbox 1441 539 1670 594; x_wconf 79' lang='lat' dir='ltr'>ingenium</span> <span class='ocrx_word' id='word_1_10' title='bbox 1713 544 1756 581; x_wconf 85' lang='lat' dir='ltr'>et</span> 
     </span>
     <span class='ocr_line' id='line_1_3' title="bbox 296 606 1759 661; baseline 0.002 -16"><span class='ocrx_word' id='word_1_11' title='bbox 296 606 441 647; x_wconf 88' lang='lat' dir='ltr'>media</span> <span class='ocrx_word' id='word_1_12' title='bbox 472 612 633 660; x_wconf 60' lang='lat' dir='ltr'>praesto</span> <span class='ocrx_word' id='word_1_13' title='bbox 669 612 788 655; x_wconf 69' lang='lat' dir='ltr'>sunt,</span> <span class='ocrx_word' id='word_1_14' title='bbox 818 607 889 647; x_wconf 81' lang='lat' dir='ltr'>vel</span> <span class='ocrx_word' id='word_1_15' title='bbox 921 606 1083 647; x_wconf 84' lang='lat' dir='ltr'>inertia</span> <span class='ocrx_word' id='word_1_16' title='bbox 1109 611 1187 646; x_wconf 84' lang='lat' dir='ltr'>aut</span> <span class='ocrx_word' id='word_1_17' title='bbox 1219 607 1354 647; x_wconf 86' lang='lat' dir='ltr'>animi</span> <span class='ocrx_word' id='word_1_18' title='bbox 1387 612 1549 661; x_wconf 77' lang='lat' dir='ltr'>torpor,</span> <span class='ocrx_word' id='word_1_19' title='bbox 1574 608 1644 648; x_wconf 82' lang='lat' dir='ltr'>vel</span> <span class='ocrx_word' id='word_1_20' title='bbox 1686 623 1759 648; x_wconf 88' lang='lat' dir='ltr'>vo—</span> 
     </span>
     <span class='ocr_line' id='line_1_4' title="bbox 295 673 1757 729; baseline 0.001 -15"><span class='ocrx_word' id='word_1_21' title='bbox 295 675 521 728; x_wconf 86' lang='lat' dir='ltr'>luptatum</span> <span class='ocrx_word' id='word_1_22' title='bbox 557 675 785 729; x_wconf 74' lang='lat' dir='ltr'>appetitio,</span> <span class='ocrx_word' id='word_1_23' title='bbox 809 675 880 716; x_wconf 87' lang='lat' dir='ltr'>vel</span> <span class='ocrx_word' id='word_1_24' title='bbox 917 675 1050 715; x_wconf 87' lang='lat' dir='ltr'>etiam</span> <span class='ocrx_word' id='word_1_25' title='bbox 1088 675 1185 715; x_wconf 83' lang='lat' dir='ltr'>auri</span> <span class='ocrx_word' id='word_1_26' title='bbox 1217 673 1355 716; x_wconf 79' lang='lat' dir='ltr'>fames</span> <span class='ocrx_word' id='word_1_27' title='bbox 1387 689 1411 715; x_wconf 88' lang='lat' dir='ltr'>a</span> <span class='ocrx_word' id='word_1_28' title='bbox 1442 676 1566 716; x_wconf 86' lang='lat' dir='ltr'>seriis</span> <span class='ocrx_word' id='word_1_29' title='bbox 1598 676 1757 717; x_wconf 83' lang='lat' dir='ltr'>studiis</span> 
     </span>
     <span class='ocr_line' id='line_1_5' title="bbox 296 743 1759 798; baseline 0.001 -15"><span class='ocrx_word' id='word_1_30' title='bbox 296 748 532 791; x_wconf 68' lang='lat' dir='ltr'>avertunt3</span> <span class='ocrx_word' id='word_1_31' title='bbox 580 758 658 797; x_wconf 89' lang='lat' dir='ltr'>pro</span> <span class='ocrx_word' id='word_1_32' title='bbox 692 744 920 784; x_wconf 89' lang='lat' dir='ltr'>nonnullis</span> <span class='ocrx_word' id='word_1_33' title='bbox 953 744 1088 784; x_wconf 88' lang='lat' dir='ltr'>etiam</span> <span class='ocrx_word' id='word_1_34' title='bbox 1120 743 1372 798; x_wconf 76' lang='lat' dir='ltr'>ignorantia</span> <span class='ocrx_word' id='word_1_35' title='bbox 1404 744 1475 784; x_wconf 86' lang='lat' dir='ltr'>vel</span> <span class='ocrx_word' id='word_1_36' title='bbox 1513 758 1567 784; x_wconf 82' lang='lat' dir='ltr'>ex</span> <span class='ocrx_word' id='word_1_37' title='bbox 1593 758 1759 798; x_wconf 77' lang='lat' dir='ltr'>praepo-</span> 
     </span>
     <span class='ocr_line' id='line_1_6' title="bbox 295 812 1759 855; baseline 0.001 -3"><span class='ocrx_word' id='word_1_38' title='bbox 295 818 413 853; x_wconf 87' lang='lat' dir='ltr'>stero</span> <span class='ocrx_word' id='word_1_39' title='bbox 431 812 682 852; x_wconf 81' lang='lat' dir='ltr'>studiorum</span> <span class='ocrx_word' id='word_1_40' title='bbox 707 813 874 855; x_wconf 70' lang='lat' dir='ltr'>ordine,</span> <span class='ocrx_word' id='word_1_41' title='bbox 893 813 959 853; x_wconf 74' lang='lat' dir='ltr'>vel</span> <span class='ocrx_word' id='word_1_42' title='bbox 981 827 1035 853; x_wconf 79' lang='lat' dir='ltr'>ex</span> <span class='ocrx_word' id='word_1_43' title='bbox 1059 812 1295 853; x_wconf 88' lang='lat' dir='ltr'>immodico</span> <span class='ocrx_word' id='word_1_44' title='bbox 1315 812 1639 853; x_wconf 73' lang='lat' dir='ltr'>abstractarum</span> <span class='ocrx_word' id='word_1_45' title='bbox 1661 814 1759 854; x_wconf 89' lang='lat' dir='ltr'>sub-</span> 
     </span>
     <span class='ocr_line' id='line_1_7' title="bbox 295 881 1757 936; baseline 0.001 -15"><span class='ocrx_word' id='word_1_46' title='bbox 295 881 532 935; x_wconf 85' lang='lat' dir='ltr'>tiliumque</span> <span class='ocrx_word' id='word_1_47' title='bbox 572 882 876 936; x_wconf 74' lang='lat' dir='ltr'>cognitionum</span> <span class='ocrx_word' id='word_1_48' title='bbox 913 886 1187 935; x_wconf 76' lang='lat' dir='ltr'>contemptu,</span> <span class='ocrx_word' id='word_1_49' title='bbox 1210 882 1396 936; x_wconf 82' lang='lat' dir='ltr'>aliisque</span> <span class='ocrx_word' id='word_1_50' title='bbox 1430 882 1572 923; x_wconf 83' lang='lat' dir='ltr'>causis</span> <span class='ocrx_word' id='word_1_51' title='bbox 1603 882 1657 923; x_wconf 88' lang='lat' dir='ltr'>ab</span> <span class='ocrx_word' id='word_1_52' title='bbox 1690 883 1757 924; x_wconf 83' lang='lat' dir='ltr'>liis</span> 
     </span>
     <span class='ocr_line' id='line_1_8' title="bbox 296 949 1322 1005; baseline 0.002 -16"><span class='ocrx_word' id='word_1_53' title='bbox 296 964 385 989; x_wconf 90' lang='lat' dir='ltr'>non</span> <span class='ocrx_word' id='word_1_54' title='bbox 409 949 713 998; x_wconf 72' lang='lat' dir='ltr'>dissimilibus,</span> <span class='ocrx_word' id='word_1_55' title='bbox 737 950 955 1005; x_wconf 77' lang='lat' dir='ltr'>originem</span> <span class='ocrx_word' id='word_1_56' title='bbox 978 949 1140 991; x_wconf 87' lang='lat' dir='ltr'>habere</span> <span class='ocrx_word' id='word_1_57' title='bbox 1163 956 1322 1004; x_wconf 84' lang='lat' dir='ltr'>potest.</span> 
     </span>
    </p>

    <p class='ocr_par' dir='ltr' id='par_1_3' title="bbox 293 1018 1760 1681">
     <span class='ocr_line' id='line_1_9' title="bbox 354 1018 1760 1074; baseline 0.002 -16"><span class='ocrx_word' id='word_1_58' title='bbox 354 1018 449 1059; x_wconf 88' lang='grc'>101.</span> <span class='ocrx_word' id='word_1_59' title='bbox 484 1018 637 1059; x_wconf 79' lang='lat' dir='ltr'>Status</span> <span class='ocrx_word' id='word_1_60' title='bbox 670 1018 793 1059; x_wconf 63' lang='lat' dir='ltr'>dubia·</span> <span class='ocrx_word' id='word_1_61' title='bbox 823 1023 889 1060; x_wconf 82' lang='lat' dir='ltr'>est</span> <span class='ocrx_word' id='word_1_62' title='bbox 923 1019 1154 1074; x_wconf 77' lang='lat' dir='ltr'>suspensio</span> <span class='ocrx_word' id='word_1_63' title='bbox 1177 1019 1434 1061; x_wconf 85' lang='lat' dir='ltr'>intellectus</span> <span class='ocrx_word' id='word_1_64' title='bbox 1457 1020 1574 1062; x_wconf 86' lang='lat' dir='ltr'>inter</span> <span class='ocrx_word' id='word_1_65' title='bbox 1597 1025 1760 1061; x_wconf 82' lang='lat' dir='ltr'>utram-</span> 
     </span>
     <span class='ocr_line' id='line_1_10' title="bbox 295 1087 1757 1143; baseline 0.002 -16"><span class='ocrx_word' id='word_1_66' title='bbox 295 1102 381 1141; x_wconf 85' lang='lat' dir='ltr'>que</span> <span class='ocrx_word' id='word_1_67' title='bbox 406 1087 772 1129; x_wconf 72' lang='lat' dir='ltr'>contradictionis</span> <span class='ocrx_word' id='word_1_68' title='bbox 795 1093 981 1142; x_wconf 86' lang='lat' dir='ltr'>partem.</span> <span class='ocrx_word' id='word_1_69' title='bbox 1045 1087 1175 1130; x_wconf 80' lang='lat' dir='ltr'>Mens</span> <span class='ocrx_word' id='word_1_70' title='bbox 1199 1093 1349 1130; x_wconf 82' lang='lat' dir='ltr'>autem</span> <span class='ocrx_word' id='word_1_71' title='bbox 1371 1103 1585 1143; x_wconf 84' lang='lat' dir='ltr'>suspensa</span> <span class='ocrx_word' id='word_1_72' title='bbox 1608 1097 1757 1131; x_wconf 86' lang='lat' dir='ltr'>manet</span> 
     </span>
     <span class='ocr_line' id='line_1_11' title="bbox 294 1157 1756 1213; baseline 0.002 -17"><span class='ocrx_word' id='word_1_73' title='bbox 294 1157 366 1197; x_wconf 73' lang='lat' dir='ltr'>vel</span> <span class='ocrx_word' id='word_1_74' title='bbox 399 1157 502 1210; x_wconf 86' lang='lat' dir='ltr'>quia</span> <span class='ocrx_word' id='word_1_75' title='bbox 535 1157 730 1198; x_wconf 86' lang='lat' dir='ltr'>rationes</span> <span class='ocrx_word' id='word_1_76' title='bbox 762 1157 976 1212; x_wconf 86' lang='lat' dir='ltr'>utrinque</span> <span class='ocrx_word' id='word_1_77' title='bbox 1010 1157 1049 1198; x_wconf 87' lang='lat' dir='ltr'>ei</span> <span class='ocrx_word' id='word_1_78' title='bbox 1082 1164 1338 1203; x_wconf 72' lang='lat' dir='ltr'>occurrunt,</span> <span class='ocrx_word' id='word_1_79' title='bbox 1362 1158 1526 1212; x_wconf 87' lang='lat' dir='ltr'>quibus</span> <span class='ocrx_word' id='word_1_80' title='bbox 1559 1159 1685 1213; x_wconf 87' lang='lat' dir='ltr'>quasi</span> <span class='ocrx_word' id='word_1_81' title='bbox 1712 1159 1756 1199; x_wconf 90' lang='lat' dir='ltr'>in</span> 
     </span>
     <span class='ocr_line' id='line_1_12' title="bbox 294 1225 1755 1282; baseline 0.002 -17"><span class='ocrx_word' id='word_1_82' title='bbox 294 1225 544 1279; x_wconf 59' lang='lat' dir='ltr'>aequilibrio</span> <span class='ocrx_word' id='word_1_83' title='bbox 561 1226 842 1267; x_wconf 79' lang='lat' dir='ltr'>continetur:</span> <span class='ocrx_word' id='word_1_84' title='bbox 868 1225 989 1280; x_wconf 88' lang='lat' dir='ltr'>quod</span> <span class='ocrx_word' id='word_1_85' title='bbox 1011 1225 1198 1267; x_wconf 87' lang='lat' dir='ltr'>dubium</span> <span class='ocrx_word' id='word_1_86' title='bbox 1218 1226 1383 1268; x_wconf 83' lang='lat' dir='ltr'>dicitur</span> <span class='ocrx_word' id='word_1_87' title='bbox 1399 1227 1663 1282; x_wconf 73' lang='lat' dir='ltr'>pose&#39;tiz·um,·</span> <span class='ocrx_word' id='word_1_88' title='bbox 1685 1229 1755 1270; x_wconf 83' lang='lat' dir='ltr'>vel</span> 
     </span>
     <span class='ocr_line' id='line_1_13' title="bbox 294 1294 1756 1348; baseline 0.003 -14"><span class='ocrx_word' id='word_1_89' title='bbox 294 1294 398 1348; x_wconf 85' lang='lat' dir='ltr'>quia</span> <span class='ocrx_word' id='word_1_90' title='bbox 421 1295 544 1335; x_wconf 89' lang='lat' dir='ltr'>nulla</span> <span class='ocrx_word' id='word_1_91' title='bbox 568 1295 606 1336; x_wconf 88' lang='lat' dir='ltr'>ei</span> <span class='ocrx_word' id='word_1_92' title='bbox 630 1296 823 1336; x_wconf 85' lang='lat' dir='ltr'>occurrit</span> <span class='ocrx_word' id='word_1_93' title='bbox 847 1295 1118 1337; x_wconf 80' lang='lat' dir='ltr'>assentiendi</span> <span class='ocrx_word' id='word_1_94' title='bbox 1142 1296 1212 1337; x_wconf 71' lang='lat' dir='ltr'>vel</span> <span class='ocrx_word' id='word_1_95' title='bbox 1236 1296 1529 1337; x_wconf 72' lang='lat' dir='ltr'>dissentiendi</span> <span class='ocrx_word' id='word_1_96' title='bbox 1552 1297 1687 1337; x_wconf 89' lang='lat' dir='ltr'>ratio:</span> <span class='ocrx_word' id='word_1_97' title='bbox 1712 1303 1756 1338; x_wconf 86' lang='lat' dir='ltr'>et</span> 
     </span>
     <span class='ocr_line' id='line_1_14' title="bbox 294 1363 1755 1418; baseline 0.002 -15"><span class='ocrx_word' id='word_1_98' title='bbox 294 1373 401 1404; x_wconf 86' lang='lat' dir='ltr'>tunc</span> <span class='ocrx_word' id='word_1_99' title='bbox 425 1364 590 1404; x_wconf 88' lang='lat' dir='ltr'>dicitur</span> <span class='ocrx_word' id='word_1_100' title='bbox 612 1363 797 1405; x_wconf 88' lang='lat' dir='ltr'>dubium</span> <span class='ocrx_word' id='word_1_101' title='bbox 821 1365 1081 1418; x_wconf 49' lang='grc' dir='ltr'>4ηερτιΐίυῑιὶη.</span> <span class='ocrx_word' id='word_1_102' title='bbox 1145 1364 1242 1406; x_wconf 89' lang='lat' dir='ltr'>Hoc</span> <span class='ocrx_word' id='word_1_103' title='bbox 1266 1365 1309 1405; x_wconf 89' lang='lat' dir='ltr'>in</span> <span class='ocrx_word' id='word_1_104' title='bbox 1331 1380 1435 1406; x_wconf 85' lang='lat' dir='ltr'>casu</span> <span class='ocrx_word' id='word_1_105' title='bbox 1460 1380 1583 1407; x_wconf 83' lang='lat' dir='ltr'>mens</span> <span class='ocrx_word' id='word_1_106' title='bbox 1598 1367 1755 1407; x_wconf 86' lang='lat' dir='ltr'>melius</span> 
     </span>
     <span class='ocr_line' id='line_1_15' title="bbox 294 1432 1755 1489; baseline 0.003 -17"><span class='ocrx_word' id='word_1_107' title='bbox 294 1432 516 1474; x_wconf 75' lang='lat' dir='ltr'>diceretur</span> <span class='ocrx_word' id='word_1_108' title='bbox 538 1433 740 1488; x_wconf 82' lang='lat' dir='ltr'>ignorare</span> <span class='ocrx_word' id='word_1_109' title='bbox 759 1450 767 1481; x_wconf 89' lang='lat'>;</span> <span class='ocrx_word' id='word_1_110' title='bbox 801 1448 889 1474; x_wconf 87' lang='lat' dir='ltr'>non</span> <span class='ocrx_word' id='word_1_111' title='bbox 913 1434 1032 1475; x_wconf 91' lang='lat' dir='ltr'>enim</span> <span class='ocrx_word' id='word_1_112' title='bbox 1055 1434 1275 1488; x_wconf 69' lang='lat' dir='ltr'>quterenti</span> <span class='ocrx_word' id='word_1_113' title='bbox 1293 1449 1334 1474; x_wconf 73' lang='lat' dir='ltr'>v.</span> <span class='ocrx_word' id='word_1_114' title='bbox 1358 1448 1399 1488; x_wconf 89' lang='lat' dir='ltr'>g.</span> <span class='ocrx_word' id='word_1_115' title='bbox 1425 1439 1575 1475; x_wconf 87' lang='lat' dir='ltr'>utrum</span> <span class='ocrx_word' id='word_1_116' title='bbox 1598 1434 1755 1489; x_wconf 76' lang='lat' dir='ltr'>sydera</span> 
     </span>
     <span class='ocr_line' id='line_1_16' title="bbox 293 1502 1755 1557; baseline 0.001 -15"><span class='ocrx_word' id='word_1_117' title='bbox 293 1502 382 1542; x_wconf 86' lang='lat' dir='ltr'>sint</span> <span class='ocrx_word' id='word_1_118' title='bbox 405 1516 591 1543; x_wconf 88' lang='lat' dir='ltr'>numero</span> <span class='ocrx_word' id='word_1_119' title='bbox 614 1503 733 1556; x_wconf 86' lang='lat' dir='ltr'>paria</span> <span class='ocrx_word' id='word_1_120' title='bbox 757 1503 829 1544; x_wconf 71' lang='lat' dir='ltr'>vel</span> <span class='ocrx_word' id='word_1_121' title='bbox 852 1503 1050 1557; x_wconf 65' lang='lat' dir='ltr'>imparia„</span> <span class='ocrx_word' id='word_1_122' title='bbox 1073 1508 1192 1544; x_wconf 87' lang='lat' dir='ltr'>recte</span> <span class='ocrx_word' id='word_1_123' title='bbox 1217 1502 1325 1556; x_wconf 87' lang='lat' dir='ltr'>quid</span> <span class='ocrx_word' id='word_1_124' title='bbox 1349 1503 1542 1544; x_wconf 72' lang='lat' dir='ltr'>diceret:</span> <span class='ocrx_word' id='word_1_125' title='bbox 1577 1504 1722 1544; x_wconf 65' lang='lat' dir='ltr'>dubito</span> <span class='ocrx_word' id='word_1_126' title='bbox 1739 1519 1755 1551; x_wconf 91' lang='grc'>,·</span> 
     </span>
     <span class='ocr_line' id='line_1_17' title="bbox 293 1570 1750 1622; baseline 0.002 -12"><span class='ocrx_word' id='word_1_127' title='bbox 293 1570 532 1612; x_wconf 87' lang='lat' dir='ltr'>dicendum</span> <span class='ocrx_word' id='word_1_128' title='bbox 576 1577 715 1612; x_wconf 85' lang='lat' dir='ltr'>esset:</span> <span class='ocrx_word' id='word_1_129' title='bbox 764 1572 917 1612; x_wconf 67' lang='lat' dir='ltr'>neseio.</span> <span class='ocrx_word' id='word_1_130' title='bbox 981 1571 1093 1622; x_wconf 76' lang='lat' dir='ltr'>Quae</span> <span class='ocrx_word' id='word_1_131' title='bbox 1116 1571 1173 1611; x_wconf 91' lang='lat' dir='ltr'>ad</span> <span class='ocrx_word' id='word_1_132' title='bbox 1195 1571 1382 1612; x_wconf 87' lang='lat' dir='ltr'>dubium</span> <span class='ocrx_word' id='word_1_133' title='bbox 1418 1571 1685 1622; x_wconf 79' lang='lat' dir='ltr'>referuntur,</span> <span class='ocrx_word' id='word_1_134' title='bbox 1709 1573 1750 1613; x_wconf 94' lang='lat' dir='ltr'>in</span> 
     </span>
     <span class='ocr_line' id='line_1_18' title="bbox 293 1634 725 1681; baseline 0.002 -2"><span class='ocrx_word' id='word_1_135' title='bbox 293 1634 464 1681; x_wconf 83' lang='lat' dir='ltr'>Ethica</span> <span class='ocrx_word' id='word_1_136' title='bbox 477 1646 725 1681; x_wconf 65' lang='lat' dir='ltr'>versantur.</span> 
     </span>
    </p>

    <p class='ocr_par' dir='ltr' id='par_1_4' title="bbox 280 1709 1756 2935">
     <span class='ocr_line' id='line_1_19' title="bbox 350 1709 1755 1765; baseline 0.001 -16"><span class='ocrx_word' id='word_1_137' title='bbox 350 1709 448 1749; x_wconf 73' lang='grc'>102.</span> <span class='ocrx_word' id='word_1_138' title='bbox 491 1709 645 1765; x_wconf 70' lang='lat' dir='ltr'>Opinio</span> <span class='ocrx_word' id='word_1_139' title='bbox 679 1724 701 1750; x_wconf 84' lang='lat' dir='ltr'>a</span> <span class='ocrx_word' id='word_1_140' title='bbox 736 1709 778 1751; x_wconf 79' lang='lat' dir='ltr'>S.</span> <span class='ocrx_word' id='word_1_141' title='bbox 804 1709 975 1750; x_wconf 88' lang='lat' dir='ltr'>Thoma</span> <span class='ocrx_word' id='word_1_142' title='bbox 1008 1709 1222 1751; x_wconf 83' lang='lat' dir='ltr'>definitur</span> <span class='ocrx_word' id='word_1_143' title='bbox 1254 1716 1374 1749; x_wconf 72' lang='lat' dir='ltr'>aetus</span> <span class='ocrx_word' id='word_1_144' title='bbox 1406 1711 1648 1751; x_wconf 50' lang='lat' dir='ltr'>¹intellectas</span> <span class='ocrx_word' id='word_1_145' title='bbox 1681 1712 1755 1765; x_wconf 73' lang='lat' dir='ltr'>qni</span> 
     </span>
     <span class='ocr_line' id='line_1_20' title="bbox 280 1778 1756 1834; baseline 0.001 -15"><span class='ocrx_word' id='word_1_146' title='bbox 280 1778 435 1831; x_wconf 72' lang='lat' dir='ltr'>fertur</span> <span class='ocrx_word' id='word_1_147' title='bbox 456 1779 500 1819; x_wconf 67' lang='lat' dir='ltr'>‘in</span> <span class='ocrx_word' id='word_1_148' title='bbox 524 1794 653 1819; x_wconf 69' lang='lat' dir='ltr'>unam</span> <span class='ocrx_word' id='word_1_149' title='bbox 684 1779 1038 1819; x_wconf 70' lang='lat' dir='ltr'>eontraclletionis</span> <span class='ocrx_word' id='word_1_150' title='bbox 1063 1786 1250 1834; x_wconf 72' lang='lat' dir='ltr'>partem,</span> <span class='ocrx_word' id='word_1_151' title='bbox 1274 1794 1366 1819; x_wconf 61' lang='lat' dir='ltr'>enm,</span> <span class='ocrx_word' id='word_1_152' title='bbox 1387 1779 1631 1831; x_wconf 70' lang='lat' dir='ltr'>formidine</span> <span class='ocrx_word' id='word_1_153' title='bbox 1655 1780 1756 1820; x_wconf 75' lang='lat' dir='ltr'>celte-</span> 
     </span>
     <span class='ocr_line' id='line_1_21' title="bbox 292 1847 1752 1902; baseline -0.002 -14"><span class='ocrx_word' id='word_1_154' title='bbox 292 1848 397 1889; x_wconf 64' lang='grc' dir='ltr'><strong><em>νίας.</em></strong></span> <span class='ocrx_word' id='word_1_155' title='bbox 464 1847 628 1902; x_wconf 84' lang='lat' dir='ltr'>Opinio</span> <span class='ocrx_word' id='word_1_156' title='bbox 652 1847 709 1888; x_wconf 80' lang='lat'>1⁰.</span> <span class='ocrx_word' id='word_1_157' title='bbox 732 1853 864 1902; x_wconf 86' lang='lat' dir='ltr'>prout</span> <span class='ocrx_word' id='word_1_158' title='bbox 888 1854 953 1889; x_wconf 88' lang='lat' dir='ltr'>est</span> <span class='ocrx_word' id='word_1_159' title='bbox 984 1862 1182 1888; x_wconf 69' lang='lat' dir='ltr'>assensus</span> <span class='ocrx_word' id='word_1_160' title='bbox 1205 1847 1354 1889; x_wconf 83' lang='lat' dir='ltr'>differt-</span> <span class='ocrx_word' id='word_1_161' title='bbox 1376 1862 1400 1888; x_wconf 86' lang='lat' dir='ltr'>a</span> <span class='ocrx_word' id='word_1_162' title='bbox 1423 1847 1572 1897; x_wconf 75' lang='lat' dir='ltr'>dubio,</span> <span class='ocrx_word' id='word_1_163' title='bbox 1596 1849 1640 1888; x_wconf 88' lang='lat' dir='ltr'>in</span> <span class='ocrx_word' id='word_1_164' title='bbox 1664 1862 1752 1902; x_wconf 80' lang='lat' dir='ltr'>quo</span> 
     </span>
     <span class='ocr_line' id='line_1_22' title="bbox 291 1917 1753 1971; baseline 0 -14"><span class='ocrx_word' id='word_1_165' title='bbox 291 1917 465 1957; x_wconf 87' lang='lat' dir='ltr'>nullum</span> <span class='ocrx_word' id='word_1_166' title='bbox 484 1918 666 1971; x_wconf 86' lang='lat' dir='ltr'>ponitur</span> <span class='ocrx_word' id='word_1_167' title='bbox 682 1917 921 1971; x_wconf 74' lang='lat' dir='ltr'>judicium3</span> <span class='ocrx_word' id='word_1_168' title='bbox 940 1922 1071 1971; x_wconf 86' lang='lat' dir='ltr'>prout</span> <span class='ocrx_word' id='word_1_169' title='bbox 1089 1932 1192 1958; x_wconf 65' lang='lat' dir='ltr'>vero</span> <span class='ocrx_word' id='word_1_170' title='bbox 1208 1917 1364 1971; x_wconf 83' lang='lat' dir='ltr'>juncta</span> <span class='ocrx_word' id='word_1_171' title='bbox 1379 1922 1445 1958; x_wconf 84' lang='lat' dir='ltr'>est</span> <span class='ocrx_word' id='word_1_172' title='bbox 1463 1931 1560 1957; x_wconf 88' lang='lat' dir='ltr'>cum</span> <span class='ocrx_word' id='word_1_173' title='bbox 1577 1917 1753 1958; x_wconf 85' lang='lat' dir='ltr'>errandi</span> 
     </span>
     <span class='ocr_line' id='line_1_23' title="bbox 291 1985 1754 2040; baseline 0 -14"><span class='ocrx_word' id='word_1_174' title='bbox 291 1985 541 2035; x_wconf 70' lang='lat' dir='ltr'>formidine,</span> <span class='ocrx_word' id='word_1_175' title='bbox 565 1986 713 2028; x_wconf 78' lang='lat' dir='ltr'>differt</span> <span class='ocrx_word' id='word_1_176' title='bbox 737 2002 759 2027; x_wconf 82' lang='lat' dir='ltr'>a</span> <span class='ocrx_word' id='word_1_177' title='bbox 784 1987 1067 2027; x_wconf 76' lang='lat' dir='ltr'>certitudine.</span> <span class='ocrx_word' id='word_1_178' title='bbox 1130 1986 1360 2027; x_wconf 56' lang='lat' dir='ltr'>&lt;Iudicium</span> <span class='ocrx_word' id='word_1_179' title='bbox 1393 1985 1515 2040; x_wconf 87' lang='lat' dir='ltr'>quod</span> <span class='ocrx_word' id='word_1_180' title='bbox 1547 1986 1609 2026; x_wconf 78' lang='lat' dir='ltr'>ita</span> <span class='ocrx_word' id='word_1_181' title='bbox 1632 1987 1754 2040; x_wconf 88' lang='lat' dir='ltr'>poni-</span> 
     </span>
     <span class='ocr_line' id='line_1_24' title="bbox 292 2054 1752 2111; baseline -0.001 -15"><span class='ocrx_word' id='word_1_182' title='bbox 292 2062 366 2096; x_wconf 83' lang='lat' dir='ltr'>tur</span> <span class='ocrx_word' id='word_1_183' title='bbox 397 2056 562 2097; x_wconf 84' lang='lat' dir='ltr'>dicitur</span> <span class='ocrx_word' id='word_1_184' title='bbox 587 2055 824 2111; x_wconf 69' lang='lat' dir='ltr'>probabile.</span> <span class='ocrx_word' id='word_1_185' title='bbox 889 2055 1143 2096; x_wconf 75' lang='lat' dir='ltr'>Secundum</span> <span class='ocrx_word' id='word_1_186' title='bbox 1175 2056 1263 2096; x_wconf 70' lang='lat' dir='ltr'>vim</span> <span class='ocrx_word' id='word_1_187' title='bbox 1298 2055 1502 2103; x_wconf 80' lang='lat' dir='ltr'>nominis,</span> <span class='ocrx_word' id='word_1_188' title='bbox 1526 2054 1752 2109; x_wconf 81' lang='lat' dir='ltr'>probabile</span> 
     </span>
     <span class='ocr_line' id='line_1_25' title="bbox 292 2123 1751 2180; baseline -0.001 -15"><span class='ocrx_word' id='word_1_189' title='bbox 292 2130 359 2165; x_wconf 77' lang='lat' dir='ltr'>est</span> <span class='ocrx_word' id='word_1_190' title='bbox 395 2124 440 2165; x_wconf 93' lang='lat' dir='ltr'>id</span> <span class='ocrx_word' id='word_1_191' title='bbox 477 2124 597 2179; x_wconf 87' lang='lat' dir='ltr'>quod</span> <span class='ocrx_word' id='word_1_192' title='bbox 631 2125 807 2180; x_wconf 83' lang='lat' dir='ltr'>probari</span> <span class='ocrx_word' id='word_1_193' title='bbox 844 2130 1016 2178; x_wconf 79' lang='lat' dir='ltr'>potest3</span> <span class='ocrx_word' id='word_1_194' title='bbox 1050 2124 1168 2165; x_wconf 90' lang='lat' dir='ltr'>unde</span> <span class='ocrx_word' id='word_1_195' title='bbox 1202 2124 1245 2164; x_wconf 79' lang='lat' dir='ltr'>S.</span> <span class='ocrx_word' id='word_1_196' title='bbox 1277 2124 1562 2179; x_wconf 75' lang='lat' dir='ltr'>Augustinus</span> <span class='ocrx_word' id='word_1_197' title='bbox 1589 2124 1688 2178; x_wconf 87' lang='lat' dir='ltr'>(lib.</span> <span class='ocrx_word' id='word_1_198' title='bbox 1714 2123 1751 2163; x_wconf 77' lang='lat'>2,</span> 
     </span>
     <span class='ocr_line' id='line_1_26' title="bbox 294 2192 1753 2247; baseline -0.001 -14"><span class='ocrx_word' id='word_1_199' title='bbox 294 2192 446 2233; x_wconf 82' lang='lat' dir='ltr'>Contr.</span> <span class='ocrx_word' id='word_1_200' title='bbox 467 2193 605 2234; x_wconf 84' lang='lat' dir='ltr'>Acad.</span> <span class='ocrx_word' id='word_1_201' title='bbox 622 2208 656 2234; x_wconf 90' lang='lat' dir='ltr'>c.</span> <span class='ocrx_word' id='word_1_202' title='bbox 674 2193 753 2247; x_wconf 86' lang='lat'>11)</span> <span class='ocrx_word' id='word_1_203' title='bbox 773 2200 797 2217; x_wconf 67' lang='lat'>‘⁴</span> <span class='ocrx_word' id='word_1_204' title='bbox 809 2193 1045 2247; x_wconf 79' lang='lat' dir='ltr'>quomodo.</span> <span class='ocrx_word' id='word_1_205' title='bbox 1061 2194 1136 2241; x_wconf 75' lang='lat' dir='ltr'>ait,</span> <span class='ocrx_word' id='word_1_206' title='bbox 1151 2198 1216 2234; x_wconf 82' lang='lat' dir='ltr'>est</span> <span class='ocrx_word' id='word_1_207' title='bbox 1236 2192 1347 2233; x_wconf 88' lang='lat' dir='ltr'>illud</span> <span class='ocrx_word' id='word_1_208' title='bbox 1363 2192 1485 2247; x_wconf 86' lang='lat' dir='ltr'>quod</span> <span class='ocrx_word' id='word_1_209' title='bbox 1501 2199 1753 2246; x_wconf 87' lang='lat' dir='ltr'>sequuntur</span> 
     </span>
     <span class='ocr_line' id='line_1_27' title="bbox 292 2261 1751 2316; baseline 0 -15"><span class='ocrx_word' id='word_1_210' title='bbox 292 2262 533 2316; x_wconf 76' lang='lat' dir='ltr'>probabile,</span> <span class='ocrx_word' id='word_1_211' title='bbox 553 2263 587 2303; x_wconf 87' lang='lat' dir='ltr'>si</span> <span class='ocrx_word' id='word_1_212' title='bbox 604 2277 691 2302; x_wconf 87' lang='lat' dir='ltr'>non</span> <span class='ocrx_word' id='word_1_213' title='bbox 711 2261 989 2316; x_wconf 78' lang='lat' dir='ltr'>probatur?&#39;’</span> <span class='ocrx_word' id='word_1_214' title='bbox 1038 2263 1115 2306; x_wconf 73' lang='lat' dir='ltr'>At,</span> <span class='ocrx_word' id='word_1_215' title='bbox 1135 2261 1378 2303; x_wconf 85' lang='lat' dir='ltr'>secundum</span> <span class='ocrx_word' id='word_1_216' title='bbox 1400 2262 1590 2303; x_wconf 85' lang='lat' dir='ltr'>nominis</span> <span class='ocrx_word' id='word_1_217' title='bbox 1608 2276 1751 2302; x_wconf 82' lang='lat' dir='ltr'>usum.</span> 
     </span>
     <span class='ocr_line' id='line_1_28' title="bbox 292 2330 1750 2385; baseline 0.001 -17"><span class='ocrx_word' id='word_1_218' title='bbox 292 2330 517 2384; x_wconf 89' lang='lat' dir='ltr'>probabile</span> <span class='ocrx_word' id='word_1_219' title='bbox 561 2331 725 2372; x_wconf 88' lang='lat' dir='ltr'>dicitur</span> <span class='ocrx_word' id='word_1_220' title='bbox 768 2331 894 2379; x_wconf 76' lang='lat' dir='ltr'>illud,</span> <span class='ocrx_word' id='word_1_221' title='bbox 927 2331 1048 2385; x_wconf 88' lang='lat' dir='ltr'>quod</span> <span class='ocrx_word' id='word_1_222' title='bbox 1080 2331 1184 2372; x_wconf 85' lang='lat' dir='ltr'>licet</span> <span class='ocrx_word' id='word_1_223' title='bbox 1217 2345 1305 2371; x_wconf 89' lang='lat' dir='ltr'>non</span> <span class='ocrx_word' id='word_1_224' title='bbox 1339 2332 1397 2371; x_wconf 88' lang='lat' dir='ltr'>sit</span> <span class='ocrx_word' id='word_1_225' title='bbox 1429 2336 1549 2372; x_wconf 86' lang='lat' dir='ltr'>certo</span> <span class='ocrx_word' id='word_1_226' title='bbox 1582 2344 1750 2371; x_wconf 67' lang='lat' dir='ltr'>verum.</span> 
     </span>
     <span class='ocr_line' id='line_1_29' title="bbox 293 2399 1750 2453; baseline -0.001 -14"><span class='ocrx_word' id='word_1_227' title='bbox 293 2405 359 2440; x_wconf 86' lang='lat' dir='ltr'>est</span> <span class='ocrx_word' id='word_1_228' title='bbox 402 2404 549 2440; x_wconf 89' lang='lat' dir='ltr'>tamen</span> <span class='ocrx_word' id='word_1_229' title='bbox 583 2401 819 2441; x_wconf 75' lang='lat' dir='ltr'>verisimile</span> <span class='ocrx_word' id='word_1_230' title='bbox 852 2406 897 2441; x_wconf 85' lang='lat' dir='ltr'>et</span> <span class='ocrx_word' id='word_1_231' title='bbox 929 2405 1068 2441; x_wconf 87' lang='lat' dir='ltr'>meret</span> <span class='ocrx_word' id='word_1_232' title='bbox 1110 2414 1336 2441; x_wconf 78' lang='lat' dir='ltr'>assensum</span> <span class='ocrx_word' id='word_1_233' title='bbox 1379 2400 1462 2440; x_wconf 69' lang='lat' dir='ltr'>viri</span> <span class='ocrx_word' id='word_1_234' title='bbox 1504 2399 1750 2453; x_wconf 83' lang='lat' dir='ltr'>prudentis.</span> 
     </span>
     <span class='ocr_line' id='line_1_30' title="bbox 294 2463 1748 2522; baseline 0.001 -15"><span class='ocrx_word' id='word_1_235' title='bbox 294 2467 412 2508; x_wconf 90' lang='lat' dir='ltr'>Hinc</span> <span class='ocrx_word' id='word_1_236' title='bbox 436 2469 660 2522; x_wconf 84' lang='lat' dir='ltr'>probabile</span> <span class='ocrx_word' id='word_1_237' title='bbox 686 2483 772 2509; x_wconf 87' lang='lat' dir='ltr'>non</span> <span class='ocrx_word' id='word_1_238' title='bbox 792 2469 957 2509; x_wconf 86' lang='lat' dir='ltr'>dicitur</span> <span class='ocrx_word' id='word_1_239' title='bbox 976 2470 1059 2509; x_wconf 84' lang='lat' dir='ltr'>nisi</span> <span class='ocrx_word' id='word_1_240' title='bbox 1080 2463 1213 2510; x_wconf 82' lang='lat' dir='ltr'>relate</span> <span class='ocrx_word' id='word_1_241' title='bbox 1233 2468 1287 2509; x_wconf 86' lang='lat' dir='ltr'>ad</span> <span class='ocrx_word' id='word_1_242' title='bbox 1312 2474 1504 2509; x_wconf 87' lang='lat' dir='ltr'>mentem</span> <span class='ocrx_word' id='word_1_243' title='bbox 1529 2474 1748 2513; x_wconf 75' lang='lat' dir='ltr'>nostram:</span> 
     </span>
     <span class='ocr_line' id='line_1_31' title="bbox 293 2537 1749 2592; baseline -0.001 -15"><span class='ocrx_word' id='word_1_244' title='bbox 293 2537 329 2577; x_wconf 86' lang='lat' dir='ltr'>si</span> <span class='ocrx_word' id='word_1_245' title='bbox 353 2537 467 2577; x_wconf 89' lang='lat' dir='ltr'>enim</span> <span class='ocrx_word' id='word_1_246' title='bbox 492 2538 815 2591; x_wconf 79' lang='lat' dir='ltr'>propositiones</span> <span class='ocrx_word' id='word_1_247' title='bbox 838 2538 936 2578; x_wconf 72' lang='lat' dir='ltr'>duae</span> <span class='ocrx_word' id='word_1_248' title='bbox 960 2539 1173 2592; x_wconf 54' lang='lat' dir='ltr'>opposita]</span> <span class='ocrx_word' id='word_1_249' title='bbox 1192 2538 1235 2578; x_wconf 89' lang='lat' dir='ltr'>in</span> <span class='ocrx_word' id='word_1_250' title='bbox 1256 2552 1299 2578; x_wconf 85' lang='lat' dir='ltr'>sc</span> <span class='ocrx_word' id='word_1_251' title='bbox 1323 2542 1594 2591; x_wconf 75' lang='lat' dir='ltr'>spectentur,</span> <span class='ocrx_word' id='word_1_252' title='bbox 1613 2538 1749 2577; x_wconf 86' lang='lat' dir='ltr'>altera</span> 
     </span>
     <span class='ocr_line' id='line_1_32' title="bbox 294 2606 1753 2660; baseline -0.001 -14"><span class='ocrx_word' id='word_1_253' title='bbox 294 2610 360 2646; x_wconf 84' lang='lat' dir='ltr'>est</span> <span class='ocrx_word' id='word_1_254' title='bbox 376 2620 491 2653; x_wconf 72' lang='lat' dir='ltr'>vera,</span> <span class='ocrx_word' id='word_1_255' title='bbox 509 2607 644 2646; x_wconf 86' lang='lat' dir='ltr'>altera</span> <span class='ocrx_word' id='word_1_256' title='bbox 664 2613 728 2646; x_wconf 85' lang='lat' dir='ltr'>est</span> <span class='ocrx_word' id='word_1_257' title='bbox 747 2606 856 2647; x_wconf 82' lang='lat' dir='ltr'>falsa</span> <span class='ocrx_word' id='word_1_258' title='bbox 874 2622 882 2653; x_wconf 83' lang='lat'>;</span> <span class='ocrx_word' id='word_1_259' title='bbox 912 2606 989 2647; x_wconf 86' lang='lat' dir='ltr'>sed</span> <span class='ocrx_word' id='word_1_260' title='bbox 1008 2621 1145 2660; x_wconf 89' lang='lat' dir='ltr'>quum</span> <span class='ocrx_word' id='word_1_261' title='bbox 1162 2606 1206 2646; x_wconf 90' lang='lat' dir='ltr'>id</span> <span class='ocrx_word' id='word_1_262' title='bbox 1226 2620 1304 2646; x_wconf 87' lang='lat' dir='ltr'>nos</span> <span class='ocrx_word' id='word_1_263' title='bbox 1319 2606 1468 2649; x_wconf 72' lang='lat' dir='ltr'>lateat.</span> <span class='ocrx_word' id='word_1_264' title='bbox 1486 2620 1621 2650; x_wconf 76' lang='lat' dir='ltr'>mens,</span> <span class='ocrx_word' id='word_1_265' title='bbox 1637 2612 1753 2645; x_wconf 86' lang='lat' dir='ltr'>stan-</span> 
     </span>
     <span class='ocr_line' id='line_1_33' title="bbox 294 2673 1749 2729; baseline 0.001 -16"><span class='ocrx_word' id='word_1_266' title='bbox 294 2673 414 2713; x_wconf 85' lang='lat' dir='ltr'>tibus</span> <span class='ocrx_word' id='word_1_267' title='bbox 443 2675 689 2714; x_wconf 86' lang='lat' dir='ltr'>rationibus</span> <span class='ocrx_word' id='word_1_268' title='bbox 722 2675 874 2715; x_wconf 81' lang='lat' dir='ltr'>solidis</span> <span class='ocrx_word' id='word_1_269' title='bbox 905 2689 1175 2729; x_wconf 83' lang='lat' dir='ltr'>quamquam</span> <span class='ocrx_word' id='word_1_270' title='bbox 1208 2689 1296 2714; x_wconf 89' lang='lat' dir='ltr'>non</span> <span class='ocrx_word' id='word_1_271' title='bbox 1330 2675 1510 2714; x_wconf 85' lang='lat' dir='ltr'>omnino</span> <span class='ocrx_word' id='word_1_272' title='bbox 1541 2673 1749 2719; x_wconf 70' lang='lat' dir='ltr'>indubiis,</span> 
     </span>
     <span class='ocr_line' id='line_1_34' title="bbox 295 2741 1749 2797; baseline 0 -16"><span class='ocrx_word' id='word_1_273' title='bbox 295 2742 554 2782; x_wconf 85' lang='lat' dir='ltr'>alterutram</span> <span class='ocrx_word' id='word_1_274' title='bbox 573 2743 936 2784; x_wconf 78' lang='lat' dir='ltr'>contradictionis</span> <span class='ocrx_word' id='word_1_275' title='bbox 960 2750 1129 2797; x_wconf 87' lang='lat' dir='ltr'>partem</span> <span class='ocrx_word' id='word_1_276' title='bbox 1147 2743 1353 2796; x_wconf 86' lang='lat' dir='ltr'>amplecti</span> <span class='ocrx_word' id='word_1_277' title='bbox 1377 2748 1536 2796; x_wconf 84' lang='lat' dir='ltr'>potest.</span> <span class='ocrx_word' id='word_1_278' title='bbox 1587 2741 1749 2796; x_wconf 89' lang='lat' dir='ltr'>Opinio</span> 
     </span>
     <span class='ocr_line' id='line_1_35' title="bbox 297 2809 1746 2865; baseline 0.001 -16"><span class='ocrx_word' id='word_1_279' title='bbox 297 2809 352 2849; x_wconf 71' lang='lat'>20.</span> <span class='ocrx_word' id='word_1_280' title='bbox 385 2815 583 2863; x_wconf 85' lang='lat' dir='ltr'>spectata</span> <span class='ocrx_word' id='word_1_281' title='bbox 624 2812 793 2851; x_wconf 80' lang='lat' dir='ltr'>ratione</span> <span class='ocrx_word' id='word_1_282' title='bbox 837 2811 1117 2852; x_wconf 80' lang='lat' dir='ltr'>fundamenti</span> <span class='ocrx_word' id='word_1_283' title='bbox 1161 2825 1249 2865; x_wconf 88' lang='lat' dir='ltr'>quo</span> <span class='ocrx_word' id='word_1_284' title='bbox 1292 2811 1515 2854; x_wconf 75' lang='lat' dir='ltr'>innititur,</span> <span class='ocrx_word' id='word_1_285' title='bbox 1558 2811 1641 2851; x_wconf 87' lang='lat' dir='ltr'>alia</span> <span class='ocrx_word' id='word_1_286' title='bbox 1685 2816 1746 2851; x_wconf 81' lang='lat' dir='ltr'>est</span> 
     </span>
     <span class='ocr_line' id='line_1_36' title="bbox 294 2878 1752 2935; baseline 0 -17"><span class='ocrx_word' id='word_1_287' title='bbox 294 2878 534 2935; x_wconf 84' lang='lat' dir='ltr'>probabilis</span> <span class='ocrx_word' id='word_1_288' title='bbox 567 2879 812 2927; x_wconf 70' lang='lat' dir='ltr'>intrinsece,</span> <span class='ocrx_word' id='word_1_289' title='bbox 836 2880 921 2920; x_wconf 83' lang='lat' dir='ltr'>alia</span> <span class='ocrx_word' id='word_1_290' title='bbox 955 2880 1200 2920; x_wconf 63' lang='lat' dir='ltr'>extrinsece.</span> <span class='ocrx_word' id='word_1_291' title='bbox 1265 2879 1392 2919; x_wconf 87' lang='lat' dir='ltr'>Prior</span> <span class='ocrx_word' id='word_1_292' title='bbox 1424 2879 1633 2919; x_wconf 89' lang='lat' dir='ltr'>innititur</span> <span class='ocrx_word' id='word_1_293' title='bbox 1666 2893 1752 2918; x_wconf 88' lang='lat' dir='ltr'>mo-</span> 
     </span>
    </p>
   </div>
  </div>
 </body>
</html>
