2025 3357
626 384 689 413 DE
722 384 952 415 SENSIBUS
986 385 1229 414 INTERNIs.
1603 373 1655 414 95

189 514 429 554 innuemus
460 526 557 553 cun]
590 526 731 553 sermo
759 512 843 552 erit
873 511 925 552 de
959 513 1169 553 memoria
1198 513 1489 553 intellectiva.
1556 513 1659 568 Agi-

190 596 288 623 mus
339 586 516 622 tantuin
559 580 612 621 de
655 581 987 635 imaginatione.
1053 581 1181 621 Hanc
1234 581 1485 635 deceptioni
1530 581 1656 622 valde

190 651 434 706 proclivam
481 664 587 697 esse,
632 649 853 689 neminem
901 650 1025 691 latet.
1091 650 1256 705 Magna
1300 651 1438 705 igitur
1483 651 1654 691 cautela

191 719 409 761 utendum
443 724 509 760 est
541 733 595 759 ne
628 718 673 758 in
706 732 899 759 errorem
933 718 1194 766 incidamus,
1219 720 1653 773 repraesentationen1

190 789 493 844 imaginariam
540 802 639 828 cum
683 787 848 828 actuali
886 787 1073 827 aliorum
1117 803 1326 829 sensuum
1371 789 1656 843 perceptione

192 857 533 899 confundentes.
612 856 677 897 De
721 856 885 897 actuali
930 871 1075 897 rerum
1120 858 1355 911 przesentia
1397 857 1559 899 referre
1603 857 1657 898 ad

190 926 451 968 facultatem
487 927 616 966 istam
651 925 831 966 minime
867 926 1087 979 pertinet:
1122 927 1216 981 eJ'us
1243 941 1405 967 munus
1433 926 1554 967 aliud
1578 932 1656 968 est.

190 995 412 1050 siquidem
445 999 513 1036 est
544 994 735 1035 facultas
768 1008 867 1049 quae
901 996 1177 1036 sensibilium
1213 1011 1359 1037 rerum
1391 997 1476 1051 jam
1509 1010 1661 1051 appre-

191 1064 428 1105 hensarum
473 1063 688 1119 imagines
731 1064 908 1107 retinet.
943 1064 1024 1104 sibi
1068 1071 1357 1120 repraesentat
1390 1072 1433 1107 et
1471 1065 1658 1106 diversis

190 1132 332 1174 modis
376 1133 616 1187 componit.
681 1133 784 1175 Istae
828 1135 1043 1190 imagines
1087 1135 1298 1176 dicuntur
1334 1134 1657 1190 pl‘esozfctsmafa.

192 1202 304 1254 Quae
346 1201 400 1244 de
443 1202 524 1243 hac
566 1202 782 1245 facultate
821 1203 965 1246 dicere
1004 1204 1278 1245 intendimus
1316 1204 1572 1246 referuntur
1604 1204 1655 1244 ad

190 1272 328 1326 ipsam
354 1270 630 1321 facultatem,
654 1272 710 1314 ad
733 1273 827 1328 ejus
851 1273 1076 1329 objectum
1100 1279 1145 1316 et
1167 1274 1261 1328 ejus
1280 1274 1556 1316 exercitium.

250 1340 307 1381 10.
340 1341 558 1384 Familias.
596 1342 863 1399 Imaginatio
886 1349 954 1385 est
976 1343 1167 1385 facultas
1190 1345 1414 1391 sensitiva.
1438 1343 1655 1398 siqiiidem

192 1415 259 1452 est
281 1411 415 1452 etiam
438 1412 482 1452 in
507 1411 668 1453 belluis
698 1413 853 1454 saltem
886 1413 1238 1468 perfectioribus.
1302 1413 1411 1469 Ejus
1444 1427 1655 1468 organum

192 1479 341 1522 sedem
364 1480 526 1523 habere
549 1481 730 1523 videtur
752 1483 796 1523 in
823 1482 1015 1524 cerebro.
1059 1482 1109 1523 Id
1135 1483 1410 1538 experientia
1433 1482 1539 1523 satis
1563 1496 1663 1523 con-

192 1549 368 1604 jicitur:
397 1564 499 1591 nam
523 1551 628 1592 laeso
654 1551 847 1601 cerebro,
872 1552 1069 1593 actiones
1092 1552 1221 1592 istius
1242 1552 1470 1593 facultatis
1494 1559 1663 1605 pertur—

193 1619 371 1669 bantur,
416 1626 462 1662 et
515 1621 709 1662 vicissim
763 1636 817 1663 ex
870 1622 1007 1662 nimia
1058 1622 1377 1663 exercitatione
1432 1620 1657 1662 cerebrum

195 1688 482 1745 defatigatur.
548 1690 771 1741 Quoniam
805 1696 952 1733 autem
991 1691 1180 1732 facultas
1214 1692 1297 1731 ista
1330 1690 1417 1731 duo
1451 1696 1659 1744 przestat:

194 1758 509 1812 phantasmata
531 1760 702 1801 scilieet
725 1765 1015 1815 repraesentat
1039 1774 1178 1815 eaque
1203 1759 1376 1801 diverso
1397 1758 1526 1800 modo
1551 1773 1663 1800 com-

194 1828 337 1883 ponit,
369 1830 578 1870 nonnulli
613 1829 866 1884 philosophi
903 1830 948 1870 in
986 1829 1096 1871 duas
1128 1829 1324 1870 diversas
1356 1829 1509 1883 partiti
1543 1834 1662 1871 sunt,

194 1898 504 1954 imaginationi
542 1899 748 1953 primum,
786 1898 1031 1954 phantasia}
1065 1899 1254 1940 alterum
1287 1913 1449 1939 munus
1487 1896 1665 1939 deman-

195 1966 367 2009 dantes.
429 1968 495 2009 At
519 1967 561 2009 S.
587 1968 780 2009 Thomas
807 1969 971 2023 aliique
1003 1969 1133 2009 multi
1163 1976 1261 2022 post
1286 1967 1328 2009 S.
1352 1968 1660 2023 Augustinum

197 2041 390 2092 utroque
413 2051 596 2079 munere
630 2037 829 2080 eamdem
863 2037 1124 2079 facultatem
1146 2037 1275 2092 fungi
1305 2042 1562 2091 posuerunt„
1587 2036 1662 2076 illa

141 2135 143 2137 -
195 2106 340 2148 innixi
372 2107 544 2148 ratione
578 2106 698 2162 quod
732 2107 967 2162 utriusque
1002 2106 1226 2162 objectum
1260 2107 1437 2147 minime
1472 2105 1660 2147 differat.

196 2189 334 2231 quum
372 2176 418 2217 in
452 2181 645 2231 utroque
678 2180 781 2217 actu
819 2191 887 2217 res
922 2176 1153 2217 sensibiles
1185 2175 1427 2217 secundum
1463 2174 1659 2217 eamdem

195 2244 413 2287 rationem
437 2246 733 2301 attingantur.

258 2313 313 2354 2⁰.
358 2312 573 2368 Objectmn
622 2315 695 2355 alii
739 2315 923 2355 nimium
973 2314 1257 2363 contrahunt,
1295 2314 1367 2354 alii
1409 2313 1657 2355 extendunt

198 2383 398 2424 nimium.
461 2382 579 2425 Sunt
615 2384 694 2439 qui
727 2389 891 2438 putant
923 2384 1287 2438 imaginationem
1322 2382 1376 2423 ad
1409 2398 1458 2424 ea
1485 2388 1660 2423 tantum

199 2450 382 2493 extendi
407 2466 506 2508 quae
530 2453 624 2493 visa
647 2451 846 2494 fuerunt.
909 2451 1123 2493 Eminent
1150 2452 1266 2492 inter
1290 2452 1367 2491 hos
1392 2450 1592 2491 Amison
1618 2459 1658 2491 et

199 2519 313 2562 Reid
334 2521 477 2576 (apud
501 2520 706 2571 Stewart.
730 2521 1004 2577 Philosophy
1028 2521 1077 2573 of
1098 2520 1164 2561 the
1184 2520 1362 2561 Humum
1387 2520 1528 2565 i‘lI'nzl.
1555 2520 1659 2560 Part

199 2588 234 2629 I.
269 2589 335 2630 ch.
363 2588 514 2645 VII.).
578 2589 631 2631 Id
660 2590 942 2632 arbitrarium
988 2605 1080 2631 esse
1124 2596 1260 2644 patet,
1285 2605 1422 2644 quum
1450 2589 1509 2650 de
1543 2589 1659 2629 facto

199 2662 374 2699 constet
395 2673 476 2700 nos
499 2673 644 2700 rerum
679 2659 864 2700 aliarum
892 2660 1121 2715 imagines,
1145 2674 1255 2712 quas
1289 2674 1364 2712 per
1397 2659 1504 2698 alios
1528 2659 1656 2699 etiam

198 2739 353 2767 sensus
396 2728 662 2781 experimur,
711 2733 804 2769 tum
849 2742 1023 2769 servare
1080 2734 1172 2768 tum
1220 2727 1524 2781 reprodueere.
1589 2727 1658 2766 Sic

198 2795 493 2849 imaginamur
515 2795 684 2844 odores.
708 2811 898 2851 sapores,
921 2811 1051 2837 sonos
1086 2797 1260 2850 aliaque
1300 2796 1453 2836 multa.
1517 2795 1662 2835 Philo-

197 2862 347 2917 sophis
379 2868 527 2906 tamen
565 2865 662 2905 istis
695 2864 974 2921 largiendum
1014 2871 1079 2906 est
1124 2866 1338 2920 imagines
1380 2879 1526 2905 rerum
1560 2878 1659 2918 quae
