2025 3357
715 403 779 431 DE
810 402 1152 432 CERTITUDOEE.
1613 391 1664 432 77

203 531 331 580 ratio,
355 544 455 585 quae
488 530 576 571 tale
607 532 868 583 portentum
892 529 937 568 in
962 543 1065 569 casu
1089 528 1141 570 de
1166 543 1254 583 quo
1279 529 1427 584 agitur
1450 529 1665 588 conjicere

203 599 353 640 faciat.
407 598 555 650 Quare
579 598 662 639 etsi
685 597 887 638 absolute
907 603 952 638 et
975 597 1195 639 abstracte
1219 599 1422 652 exceptio
1445 598 1667 652 possibilis

204 669 275 718 sit,
299 682 396 710 eam
419 673 568 708 tamen
592 667 637 707 in
662 671 869 707 concreto
895 680 984 706 non
1005 666 1098 706 dari
1122 667 1231 707 scire
1256 681 1502 720 possumus.
1567 666 1666 717 Quo

204 737 363 791 posito,
387 737 560 777 animus
593 735 767 790 objecto
800 733 1010 783 adhaeret,
1035 735 1143 789 quin
1178 735 1268 774 ulla
1300 735 1490 788 oppositi
1525 735 1671 776 formi-

205 805 308 847 dine
331 806 598 860 exagitetur.

406 944 527 984 ART.
557 942 790 983 HL-DE
822 953 1083 982 vssmrAris
1116 953 1460 983 ASSECUTIONE.

623 1057 636 1097 ᾧ
650 1059 668 1088 1
682 1075 728 1086 .-
741 1057 935 1096 Quaedam
966 1060 1255 1093 praenotantur.

265 1132 363 1174 104.
401 1132 652 1174 Veritatem
687 1132 863 1186 assequi
899 1136 995 1171 tum
1033 1132 1208 1185 proprie
1245 1131 1447 1179 dicimur,
1481 1146 1578 1173 cum
1617 1132 1669 1173 dc

206 1203 339 1245 rebus
380 1203 443 1243 ita
485 1201 735 1256 judicamus
778 1207 829 1241 ut
871 1201 997 1241 nulla.
1039 1201 1096 1241 sit
1139 1200 1314 1241 errandi
1358 1200 1573 1249 formidtm
1627 1201 1671 1242 id

207 1276 356 1313 autem
379 1276 508 1312 sonat
541 1270 778 1311 certitudo.
843 1269 973 1311 Hanc
1007 1271 1053 1310 in
1086 1270 1295 1324 praesenti
1319 1271 1508 1312 articulo
1531 1286 1672 1313 versa-

206 1341 352 1382 bimus
384 1340 466 1381 sub
498 1345 704 1394 respectu
737 1340 930 1394 triplici:
965 1340 1136 1381 scilicet
1169 1338 1318 1393 quoad
1353 1340 1447 1394 ejus
1481 1341 1671 1381 existen-

207 1411 328 1460 tiam,
351 1409 671 1465 perfectionem
694 1409 965 1464 modumque
989 1423 1084 1450 eam
1108 1408 1382 1463 acquirendi.
1445 1410 1598 1464 Atque
1623 1419 1673 1452 ut

207 1493 231 1521 a
274 1478 557 1521 certitudinis
605 1479 848 1521 existentia
895 1478 1193 1526 exordiamur„
1237 1478 1290 1519 de
1334 1478 1452 1520 facto
1497 1486 1670 1521 constat

207 1549 408 1592 homines
439 1549 593 1590 nativo
626 1548 893 1590 facultatum
928 1563 1108 1588 suarum
1143 1549 1357 1589 exercitio
1391 1548 1510 1590 facta
1532 1551 1673 1591 multa

208 1623 343 1674 atque
365 1619 584 1674 principia
612 1617 922 1659 indubitanter
954 1632 1231 1673 cognoscere.
1296 1617 1425 1659 Hanc
1449 1634 1541 1661 esse
1566 1619 1675 1661 dixi-

208 1703 306 1730 mus
329 1687 644 1730 certitudinem
668 1688 916 1729 naturalem
945 1693 1080 1742 atque
1105 1702 1399 1729 communem.
1463 1688 1537 1729 Ad
1560 1689 1672 1730 hanc

208 1772 338 1813 porro
363 1757 678 1800 certitudinem
711 1771 756 1798 se
781 1757 1005 1798 convertit
1027 1756 1332 1811 philosophus,
1356 1762 1399 1799 et
1423 1757 1529 1798 dum
1553 1759 1673 1799 1111115

208 1826 501 1869 fundamenta
524 1826 753 1881 expendit,
776 1826 988 1873 illustrat,
1008 1830 1162 1868 tuetur
1181 1842 1190 1875 3
1224 1825 1329 1867 dum
1354 1841 1524 1869 errores
1549 1835 1672 1868 notat

209 1897 286 1952 qui
328 1897 373 1938 in
417 1911 501 1938 usu
542 1895 805 1944 mediorum,
850 1895 1015 1950 quibus
1058 1896 1134 1936 illa
1176 1896 1437 1950 acquiritur,
1482 1897 1672 1951 irrepere

208 1971 424 2022 possunt3
458 1965 589 2007 discit
611 1965 695 2007 sibi
718 1964 771 2006 de
805 1980 886 2006 sua
919 1964 1190 2006 certitudine
1224 1966 1440 2008 rationem
1476 1966 1672 2009 reddere.

209 2041 255 2078 et
290 2036 373 2077 hoc
410 2037 505 2090 ipso
549 2034 865 2077 certitudinem
909 2034 1262 2089 philosophicam
1305 2035 1389 2077 sibi
1434 2042 1672 2091 comparat.

210 2105 414 2148 Fuerunt
455 2110 603 2146 tamen
648 2104 914 2159 philosophi,
960 2104 1043 2145 hoc
1086 2105 1266 2146 nomine
1311 2106 1490 2148 minime
1535 2105 1672 2162 digni.

210 2175 300 2230 qui,
332 2189 383 2216 00
416 2174 619 2216 examine
654 2174 877 2223 instituto,
910 2173 1152 2215 humanam
1196 2174 1510 2217 certitudinem
1555 2176 1672 2217 omni

209 2243 471 2286 destitutam
494 2242 787 2285 fundamento
811 2249 1112 2293 asseruerunt,
1138 2248 1272 2299 atque
1297 2245 1369 2285 alii
1394 2246 1479 2285 alia
1503 2246 1672 2286 ratione

210 2312 336 2354 ducti
377 2327 466 2353 una
506 2311 823 2367 probabilitate
866 2313 1080 2355 dixerunt
1124 2328 1203 2354 nos
1246 2312 1405 2355 debere
1445 2328 1537 2355 esse
1577 2329 1675 2355 con-

210 2387 372 2424 tentos.
435 2381 497 2422 Hi
530 2382 703 2437 sceptici
736 2387 968 2431 vocantur,
1005 2384 1237 2424 veritatem
1283 2388 1498 2437 perpetuo
1534 2384 1675 2437 inqui-

210 2456 372 2498 rentes,
405 2465 500 2492 eam
536 2465 781 2505 numquam
815 2453 1104 2507 attingentes,
1139 2457 1373 2506 propterea
1406 2452 1509 2505 quia
1547 2466 1672 2492 1101·ῑο

210 2534 382 2574 semper
424 2526 645 2575 exurgant
697 2521 905 2567 rationes,
949 2535 1048 2576 quae
1097 2520 1281 2561 dubium
1334 2521 1574 2575 positivum
1628 2521 1670 2560 in

210 2594 402 2630 mentem
422 2588 658 2630 inducunt.
712 2589 855 2640 Quem
875 2591 1205 2645 scepticismum
1225 2590 1298 2630 alii
1319 2589 1464 2644 quoad
1484 2604 1671 2632 omnem.

210 2658 285 2698 alii
308 2657 425 2712 quod
451 2659 643 2713 aliquam
678 2659 990 2700 tantummodo
1015 2660 1256 2701 veritatum
1282 2659 1461 2699 classem
1488 2658 1669 2712 professi

210 2731 329 2768 sunt.
392 2725 567 2769 Priores
610 2729 793 2782 sceptici
828 2729 1092 2769 universales
1126 2734 1357 2775 vocantur,
1391 2741 1445 2768 cx
1484 2741 1670 2781 quorum

211 2808 395 2836 numero
436 2794 601 2836 dicitur
639 2811 731 2837 esse
771 2796 943 2851 Pyrrho
983 2802 1025 2838 et
1065 2796 1229 2837 Sextus
1268 2796 1519 2849 Empiricus
1558 2796 1673 2835 inter

211 2864 434 2919 antiquos,
475 2865 594 2905 inter
635 2866 904 2907 recentiores
952 2871 1099 2907 autem
1150 2864 1345 2906 Humius
1387 2871 1431 2905 et
1475 2863 1671 2918 Baylius.
