2025 3357
339 409 422 450 126
776 421 965 451 LOGICAE
997 420 1122 451 PARS
1153 421 1364 451 ALTERA.

338 549 521 604 vulgata
569 549 776 603 opinione
829 548 1026 602 legitime
1072 548 1277 589 concludi
1329 549 1470 603 possit
1514 548 1653 603 ipsius
1694 548 1802 590 facti

338 618 515 658 veritas.

397 685 492 725 161.
526 685 601 726 Ad
618 685 832 740 quasdam
856 684 1133 726 difficultatis
1156 685 1405 731 solvendas,
1429 686 1523 727 haec
1545 701 1635 740 prae
1659 689 1800 730 oculis

336 755 509 809 juvabit
533 754 706 795 habere.
770 754 826 794 10.
861 754 1131 807 Temporum
1154 755 1282 808 lapsu
1306 755 1551 795 testimonii
1577 757 1800 798 certitudo

338 838 424 863 non
450 823 579 863 modo
603 838 692 863 non
725 822 954 871 decrescit,
978 822 1055 864 sed
1076 823 1318 877 aliquando
1343 838 1364 864 e
1389 829 1543 865 contra
1567 826 1725 867 crescit
1757 831 1801 868 et

338 892 586 932 1·‹›b‹1›ratur.
649 892 751 932 Non
774 891 1004 941 decrescit,
1023 893 1128 946 quia
1145 892 1262 933 idem
1281 907 1453 946 semper
1470 899 1619 935 manet
1636 896 1800 937 morale

338 961 518 1001 testium
565 975 750 1014 corpus3
800 960 1071 1014 quandoque
1114 961 1362 1009 roboratur,
1402 962 1505 1015 quia
1550 967 1798 1017 temporum

336 1029 464 1083 lapsu
500 1033 775 1070 evanescunt
812 1043 965 1070 omnes
1000 1044 1198 1070 errorum
1235 1044 1392 1079 causae,
1416 1031 1452 1071 si
1485 1045 1584 1085 quae
1607 1030 1800 1080 fuerint3

337 1098 492 1151 quales
530 1112 570 1139 v.
594 1113 634 1153 g.
659 1103 808 1139 essent
845 1098 1094 1138 animorum
1138 1099 1366 1148 exaltatio,
1403 1100 1597 1153 partium
1639 1100 1801 1150 studia,

337 1167 654 1214 animositates,
679 1167 854 1220 aliaque
889 1166 1159 1220 hujusmodi.
1222 1168 1445 1209 Praeterea
1480 1183 1568 1223 quo
1602 1174 1800 1224 tempore

336 1236 550 1277 remotius
572 1241 640 1277 est
661 1235 845 1284 factum,
869 1250 919 1276 eo
943 1236 1104 1290 saepius
1137 1237 1189 1277 ad
1225 1252 1409 1278 examen
1434 1236 1519 1278 fuit
1542 1243 1800 1279 revocatum

337 1309 381 1345 et
403 1304 713 1346 vehementius
736 1305 1063 1360 impugnatum,
1088 1306 1124 1347 si
1156 1306 1289 1361 hujus
1312 1312 1379 1347 est
1400 1307 1586 1361 generis,
1611 1307 1682 1348 cui
1705 1322 1804 1348 con-

336 1372 553 1415 tradicere
591 1388 680 1414 non
717 1374 845 1427 parvi
887 1375 1131 1415 multorum
1164 1375 1353 1416 intersit.
1417 1374 1463 1416 Si
1495 1389 1599 1430 ergo
1632 1375 1800 1417 factum

335 1442 649 1483 inconcussum
673 1443 899 1491 remansit,
924 1457 1071 1485 nonne
1095 1443 1256 1485 exinde
1281 1458 1418 1485 novas
1440 1444 1556 1485 vires
1579 1445 1802 1499 acquirit?

396 1509 454 1551 20.
490 1511 701 1552 Fatemur
727 1513 968 1553 nonnullas
995 1526 1087 1554 esse
1117 1513 1259 1553 orales
1283 1512 1558 1561 traditiones,
1581 1512 1804 1554 historias-

336 1594 436 1634 que,
455 1581 588 1621 immo
608 1585 651 1622 et
670 1587 973 1630 monumenta,
993 1595 1092 1636 quae
1111 1582 1279 1622 nullam
1298 1587 1526 1622 merentur
1543 1581 1701 1630 fidem3
1724 1581 1802 1623 sed

334 1650 453 1703 -α)
489 1664 704 1705 negamus
741 1650 1007 1691 traditiones
1049 1651 1146 1691 illas
1189 1651 1357 1705 amplas
1400 1664 1506 1699 esse,
1544 1650 1800 1697 uniformes,

337 1724 606 1768 constantes,
631 1724 675 1760 et
699 1720 815 1760 circa
838 1718 1006 1760 factum
1029 1720 1195 1760 versari
1219 1718 1340 1773 quod
1372 1719 1544 1760 illustre
1568 1719 1638 1767 sit,
1661 1719 1803 1773 publi-

336 1802 436 1829 cum
459 1793 593 1843 atque
617 1789 841 1829 notorium
857 1804 866 1837 ;
881 1788 998 1842 —b)
1035 1802 1248 1843 negamus
1272 1789 1404 1829 etiam
1427 1788 1473 1828 in
1496 1788 1584 1829 illis
1607 1787 1801 1829 historiis

335 1872 407 1898 eas
449 1858 631 1912 reperiri
673 1863 814 1906 notas,
849 1872 958 1912 quas
995 1871 1127 1911 supra
1170 1857 1418 1905 retulimus,
1452 1871 1592 1911 quum
1628 1857 1699 1898 vel
1736 1871 1799 1905 ea,

335 1940 435 1980 quae
454 1931 657 1968 asserunt
676 1926 808 1972 facta,
829 1927 882 1967 ab
902 1927 998 1967 aliis
1016 1926 1213 1967 historiis
1231 1926 1384 1967 eodem
1408 1932 1605 1980 tempore
1624 1925 1799 1979 scriptis

334 1995 656 2050 impugnentur
676 2011 684 2043 3
732 1997 803 2037 vel
847 1995 1098 2050 ignorantia
1141 2001 1218 2035 aut
1261 1994 1369 2036 fides
1411 1994 1526 2036 mala
1567 2000 1798 2034 auctorum

333 2064 457 2105 nullo
495 2063 675 2118 negotio
715 2062 863 2117 detegi
902 2061 1082 2116 possint.
1151 2060 1282 2112 Quod
1317 2060 1621 2113 demum—e)
1647 2074 1801 2100 monu-

334 2137 483 2174 menta
507 2133 684 2179 attinet,
703 2146 753 2173 ea
776 2137 893 2172 certe
917 2131 953 2171 51
976 2135 1094 2172 recte
1117 2131 1443 2179 examinentur,
1468 2129 1644 2171 indiciis
1667 2144 1799 2184 supra

334 2200 529 2245 statutis,
555 2200 735 2239 minime
759 2198 1025 2252 respondere
1051 2198 1341 2252 reperientur.

393 2268 448 2308 30.
482 2268 615 2308 Nulla
649 2267 782 2308 datur
814 2267 926 2307 ratio
962 2266 1186 2307 asserendi
1221 2280 1269 2306 ea
1304 2279 1402 2319 (11116
1427 2264 1620 2305 diximus
1643 2263 1699 2305 ad
1721 2264 1796 2304 mi-

333 2338 483 2378 racula
535 2337 747 2391 applicari
789 2351 878 2376 non
922 2350 1062 2390 posse.
1128 2335 1177 2375 In
1222 2335 1447 2374 miraculis
1489 2333 1577 2373 duo
1621 2332 1793 2374 attendi

334 2405 519 2447 dehent:
542 2406 715 2457 factum
738 2405 883 2459 ipsum
907 2404 1128 2447 sensibile,
1154 2403 1442 2458 ejusdemque
1474 2416 1617 2442 eausa.
1679 2401 1796 2442 Jam-

333 2489 438 2516 vero
461 2474 679 2515 factorum
704 2488 858 2515 causas
880 2474 1030 2514 rimari
1052 2472 1108 2514 ad
1130 2473 1358 2514 historiam
1386 2472 1643 2512 nullatenus
1666 2470 1797 2524 perti-

334 2549 423 2590 net,
462 2544 664 2597 nihilque
703 2556 936 2584 commune
970 2542 1103 2583 habet
1137 2556 1236 2583 cum
1269 2541 1480 2582 historico
1513 2538 1795 2587 testimonio3

335 2611 411 2653 sed
433 2612 470 2653 si
492 2617 719 2666 spectetur
740 2611 910 2652 factum
943 2611 1149 2652 sensibile
1173 2615 1363 2658 tantum,
1387 2624 1465 2650 cur
1487 2608 1641 2651 eodem
1664 2606 1794 2648 modo

336 2680 541 2735 cognosci
579 2680 623 2720 id
656 2679 894 2734 nequiret?
957 2678 1123 2720 Odium
1160 2679 1204 2719 in
1238 2683 1435 2719 sanctam
1480 2678 1583 2720 Iesu
1628 2676 1795 2718 Christi

335 2748 594 2804 religionem
617 2752 787 2790 mentes
819 2749 1006 2789 istorum
1038 2748 1267 2789 hominum
1291 2755 1437 2796 caecat,
1462 2747 1497 2788 si
1521 2747 1666 2788 dicere
1690 2745 1797 2786 noli-

336 2832 434 2859 mus
456 2831 529 2859 eos
553 2817 667 2857 mala
689 2816 775 2858 fide
799 2816 1005 2859 tenebras
1028 2830 1245 2872 spargere.
