2025 3357
631 405 694 434 DE
726 404 932 434 NATURA
965 404 1221 434 MIRACULI.
1577 393 1657 434 253

196 544 296 572 cum
337 531 501 573 divinae
543 531 830 572 revelationis
874 531 1127 586 cognitione
1162 545 1362 572 connexa
1394 534 1474 572 est.
1538 530 1657 571 Hinc

194 604 262 641 est
298 600 420 654 quod
456 599 657 641 moderni
694 600 938 653 praesertim
978 601 1266 640 rationalistae
1306 600 1518 640 miracula
1555 614 1660 654 qua-

194 682 440 723 quaversus
482 668 813 723 aggrediantur,
844 669 1171 723 maximamque
1214 683 1391 722 operam
1425 670 1470 709 in
1502 683 1553 710 eo
1586 684 1660 723 po-

193 742 317 785 nant,
347 742 400 778 ut
437 738 508 779 vel
542 751 592 778 ea
629 737 840 778 evincant
877 737 1166 791 impossibilia
1200 752 1306 786 esse,
1336 739 1407 779 vel
1446 742 1563 779 certe
1602 738 1655 779 ab

193 806 400 860 operibus
434 810 606 847 naturae
641 805 833 846 discerni
869 820 957 846 non
988 820 1129 860 posse.
1192 806 1423 862 Praecipua
1454 808 1658 862 quaestio-

194 876 261 916 nis
284 880 453 929 puncta
474 875 557 916 hoc
580 875 723 929 capite
746 874 1035 915 versabimus.

496 1035 615 1075 ART.
650 1034 833 1075 I.—DE
865 1045 1074 1075 NATURA
1105 1046 1364 1076 MIRACULI.

251 1150 346 1191 349.
381 1150 664 1200 Miraculum,
688 1152 724 1191 si
754 1151 841 1191 vim
882 1151 1073 1191 nominis
1102 1155 1288 1205 spectes,
1312 1157 1378 1192 est
1408 1167 1518 1206 opus
1541 1156 1586 1194 in
1609 1168 1653 1195 se

191 1219 416 1268 mirabile3
449 1234 473 1260 a
495 1221 693 1260 mii-amia
725 1221 842 1261 enim
876 1220 1001 1261 ducit
1033 1221 1262 1275 originem.
1326 1221 1516 1272 Quando
1550 1238 1654 1265 vero

190 1286 458 1340 inquirimus
491 1300 696 1341 quaenam
729 1291 836 1327 sunt
869 1300 969 1340 quae
1003 1301 1228 1341 quamque
1254 1293 1447 1329 mentem
1473 1289 1657 1330 admira-

189 1356 310 1396 tione
342 1370 495 1410 rapere
528 1356 720 1405 valeant,
745 1370 845 1396 cum
878 1357 1159 1405 auctoritate,
1183 1361 1279 1396 tum
1307 1359 1583 1411 experientia
1610 1365 1655 1401 et

189 1423 361 1463 ratione
404 1422 529 1462 ducti
572 1423 826 1463 invenimus
868 1436 978 1476 opus
1010 1437 1100 1462 non
1134 1422 1263 1463 modo
1297 1424 1527 1465 insolitum
1559 1441 1652 1468 esse

189 1490 362 1540 debere,
395 1492 603 1531 nimirum
638 1506 771 1545 supra
805 1491 850 1531 id
884 1491 1005 1546 quod
1038 1493 1284 1547 generatim
1318 1494 1553 1544 cernimus,
1577 1496 1653 1537 sed

189 1561 322 1601 etiam
345 1561 513 1601 nullam
544 1561 876 1615 proportionem
910 1576 1060 1616 gerere
1085 1577 1185 1603 cum
1208 1564 1377 1605 viribus
1400 1580 1510 1619 quas
1533 1568 1654 1607 entia

189 1634 336 1670 creata
377 1629 592 1683 praebent.
656 1629 850 1680 Quidam
894 1630 1142 1681 conflictus,
1185 1638 1236 1673 ut
1277 1634 1340 1674 ita
1380 1635 1552 1689 loquar,
1595 1637 1653 1677 sit

188 1703 365 1752 oportet
405 1699 523 1739 inter
564 1713 688 1753 opus,
723 1699 844 1753 quod
886 1701 1151 1741 miraculum
1193 1702 1371 1752 dicitur,
1405 1709 1451 1745 et
1493 1710 1651 1747 creatae

187 1772 358 1808 naturee
382 1768 523 1816 vires3
558 1769 635 1822 qui
668 1769 752 1809 nisi
785 1768 917 1809 detur
949 1774 994 1811 et
1025 1769 1121 1811 dari
1153 1777 1341 1821 constet,
1364 1788 1453 1814 non
1478 1774 1654 1816 habebi-

185 1841 260 1877 tur
282 1851 392 1890 opus
427 1837 471 1877 in
494 1852 535 1877 se
559 1837 772 1883 mirabile,
797 1838 874 1879 sed
906 1842 1083 1880 tantum
1112 1841 1159 1881 in
1192 1843 1391 1897 opinione
1423 1843 1557 1899 hujus
1580 1846 1651 1886 vel

185 1906 320 1953 illius,
364 1907 441 1960 qui
483 1921 573 1947 rem
618 1912 870 1949 contuetur.
935 1908 988 1949 Id
1028 1910 1231 1951 miraculi
1272 1912 1451 1953 nomine
1494 1914 1650 1968 optimi

187 1976 354 2029 quique
386 1975 637 2030 philosophi
670 1977 993 2019 intellexerunt
1015 1983 1059 2020 et
1082 1980 1360 2035 intelligunt„
1383 1987 1517 2037 atque
1552 1983 1650 2024 ideo

185 2044 450 2085 miraculum
483 2059 575 2086 esse
609 2044 855 2087 definiunt:
892 2030 1037 2102 “opus
1055 2062 1079 2088 a
1102 2048 1197 2090 Deo
1220 2055 1445 2103 patratum
1469 2051 1653 2093 faculta-

185 2117 274 2154 tem
309 2118 354 2154 et
386 2113 587 2155 ordinem
620 2115 760 2156 totius
791 2121 963 2157 naturae
998 2123 1157 2158 createe
1199 2120 1456 2172 superans.”
1520 2121 1649 2163 Hanc

185 2181 490 2224 definitionem
515 2184 779 2238 suscipimus
802 2186 1127 2240 explicandam.

244 2251 341 2292 350.
374 2251 510 2293 Entia
529 2258 677 2294 creata
698 2259 889 2310 spectari
913 2268 1101 2315 possunt
1124 2264 1311 2319 speeifiee
1330 2270 1374 2306 et
1392 2266 1617 2319 dynamiee
1633 2281 1649 2313 ,·

185 2322 325 2375 quaeri
362 2322 532 2364 scilicet
568 2328 715 2377 potest
746 2328 818 2368 vel
851 2330 961 2384 quid
992 2332 1037 2373 in
1070 2347 1114 2373 se
1148 2334 1251 2381 sint,
1277 2335 1345 2375 vel
1378 2334 1488 2389 quid
1520 2349 1648 2390 agere

184 2390 389 2440 valeant3
426 2392 579 2446 primae
613 2397 850 2448 quaestioni
883 2401 1124 2455 respondet
1157 2408 1399 2457 conceptus
1432 2406 1649 2451 essentia‘.

184 2459 313 2500 alteri
336 2466 578 2515 conceptus
601 2470 799 2517 naturae3
838 2485 950 2524 quos
973 2472 1016 2511 in
1044 2471 1286 2527 Ontologia
1309 2473 1646 2515 declaravimus.

186 2527 348 2578 Quare,
383 2532 478 2573 aliis
511 2537 683 2579 omissis
716 2539 1131 2594 significationibus.
1164 2547 1337 2582 naturee
1371 2543 1549 2584 nomine
1577 2543 1647 2584 hic

183 2594 477 2652 intelligimus
510 2605 744 2645 essentiam
777 2606 839 2647 rei
869 2612 1091 2659 quatenus
1115 2612 1181 2648 est
1203 2608 1470 2662 principium
1502 2623 1649 2663 opera-

184 2664 370 2715 tionum,
408 2670 480 2710 vel
513 2673 644 2713 etiam
683 2675 950 2729 principium
986 2676 1130 2729 ipsum
1169 2678 1476 2730 operationum
1515 2678 1646 2718 rebus

182 2734 381 2777 insitum.
426 2739 560 2790 Quod
582 2744 890 2797 operationum
916 2745 1183 2798 principium
1206 2746 1241 2786 si
1264 2752 1490 2800 spectetur
1514 2751 1646 2800 prout

183 2811 251 2848 est
272 2807 318 2848 in
342 2822 430 2849 uno
454 2811 765 2853 tantummodo
799 2813 1045 2859 individmi,
1069 2820 1147 2855 aut
1185 2829 1273 2855 una
1310 2815 1644 2856 individuorum

183 2875 324 2926 classi,
366 2883 527 2919 natura
579 2879 744 2922 dicitur
790 2883 1078 2937 particularis
1093 2897 1110 2930 ,·
1162 2897 1370 2925 vocamus
1423 2899 1444 2926 0
1492 2889 1646 2925 contra
