2025 3357
546 411 611 441 DE
641 411 955 440 VERACITATE
988 412 1328 441 INTELLECTUS.
1614 401 1667 441 99

203 537 434 580 Differunt
449 553 503 580 ex
519 543 643 593 parte
660 537 836 592 objecti,
855 538 1075 592 siquidem
1094 553 1249 579 sensus
1265 540 1468 579 internus
1483 539 1667 594 attingit

205 606 324 648 facta
357 607 583 649 sensibilia
618 612 819 647 tantum:
859 608 1131 648 conscientia
1166 622 1254 647 non
1293 607 1422 647 modo
1460 607 1565 653 lleec,
1589 607 1667 649 sed

204 675 322 717 facta
354 676 485 717 etiam
517 675 779 729 spiritualia.
843 674 1073 716 Differunt
1104 676 1280 717 tandem
1307 690 1360 721 ex
1400 681 1523 730 parte
1548 677 1666 717 modi

202 758 291 799 quo
328 744 552 799 objectum
579 743 832 798 attingitur,
856 743 1075 798 siquidem
1110 759 1265 785 sensus
1298 745 1502 786 internus
1537 747 1669 786 attin-

200 814 268 869 git
293 827 454 868 purum
487 811 669 860 factum,
709 813 981 853 conscientia
1015 814 1244 868 c‹‘›gnoscit
1277 813 1399 854 istud
1427 815 1569 869 ipsum
1610 814 1668 855 fa-

202 887 323 924 ctum
361 881 657 923 intellectuali
699 881 844 929 inodo,
868 887 1092 936 quatenus
1125 882 1312 923 formam
1351 885 1666 939 propositionis

201 952 268 992 illi
290 951 463 992 tribuit.
511 949 799 992 Conscientia
814 950 980 992 dicitur
998 952 1269 1007 quandoque
1295 969 1443 995 sensus
1463 955 1667 1002 ἰ11ΐ1’111118;

201 1021 384 1062 retineri
406 1024 553 1074 potest
577 1033 752 1069 nomen,
775 1018 1017 1061 dummodo
1042 1026 1160 1062 recte
1187 1023 1480 1079 intelligatur.

260 1088 357 1131 127.
392 1087 552 1139 Quoad
581 1089 836 1129 memoriam
869 1088 957 1129 duo
991 1095 1213 1131 notamus.
1276 1092 1336 1132 10.
1360 1092 1578 1133 Memoria
1601 1098 1666 1134 est

201 1159 268 1200 vis
290 1156 529 1200 revocandi
559 1170 658 1211 quae
682 1161 813 1198 antea
837 1159 1142 1213 cognovimus.
1208 1161 1287 1201 Est
1311 1160 1477 1215 duplex
1497 1178 1504 1201 :
1540 1162 1669 1202 sensi-

202 1228 290 1268 tiva
321 1232 367 1268 et
403 1226 674 1267 intellectiva.
739 1226 822 1267 Illa
856 1234 1060 1269 versatur
1095 1231 1209 1271 circa
1242 1232 1540 1278 sensati011es5.
1573 1231 1666 1272 haec

201 1297 334 1339 etiam
368 1296 483 1337 circa.
514 1295 649 1337 ideas.
713 1295 883 1337 Putant
914 1297 1053 1352 aliqui
1085 1300 1338 1340 memoriam
1364 1301 1619 1341 sensitivam
1644 1314 1665 1340 a

200 1367 246 1407 vi
283 1364 556 1421 imaginandi
591 1365 771 1406 minime
810 1364 1016 1415 differre3
1053 1368 1098 1408 id
1121 1369 1195 1408 alii
1218 1374 1408 1423 negant:
1448 1368 1667 1422 siquidem

200 1435 360 1476 dicunt
382 1449 459 1489 per
480 1435 736 1475 memoriam
760 1437 1022 1477 sensitivam
1046 1453 1135 1478 non
1159 1438 1289 1478 modo
1309 1439 1500 1479 revocari
1526 1452 1669 1479 sensa·

201 1505 358 1552 tiones,
397 1502 475 1544 sed
516 1503 649 1544 etiam
687 1517 759 1549 eas
800 1506 1005 1559 cognosci
1052 1506 1119 1546 uti
1161 1507 1423 1560 praeteritas.
1485 1506 1667 1546 Animal

200 1574 317 1616 enim
341 1572 474 1613 simul
506 1576 778 1613 memoratur
811 1587 855 1615 se
882 1574 1005 1628 prius
1028 1576 1215 1616 sensisse
1239 1575 1282 1615 in
1306 1575 1532 1629 praeterito
1556 1579 1601 1615 et
1623 1589 1666 1615 se

200 1643 387 1685 sensisse
411 1641 636 1696 quoddam
670 1643 949 1696 praeteritum
985 1644 1192 1685 sensibile
1222 1644 1290 1698 (S.
1316 1644 1520 1691 Thomas,
1546 1643 1670 1684 Sum-

200 1726 271 1753 ma
293 1712 334 1752 Ia
352 1711 402 1751 P.
427 1710 481 1762 Q.
499 1710 717 1750 LXXIX.
736 1725 774 1751 a.
794 1712 896 1765 vi.).
947 1712 1131 1754 Certum
1155 1720 1302 1755 autem
1323 1720 1388 1754 est
1414 1714 1665 1754 memoriani

200 1783 536 1831 intellectivam,
590 1787 639 1822 ut
696 1781 888 1823 facultas
943 1782 1144 1836 quaedam
1205 1788 1284 1829 est,
1327 1782 1380 1822 ab
1432 1782 1668 1823 intellectu

200 1852 381 1894 minime
418 1850 754 1893 differre—2².
779 1851 995 1892 Memoria
1028 1851 1252 1906 duplicem
1285 1851 1417 1892 habet
1455 1851 1669 1904 operatio-

200 1936 315 1971 nem,
339 1927 616 1978 spontaneam
653 1926 697 1961 et
736 1921 1036 1961 roboam-iam.
1102 1920 1361 1975 Aliquando
1400 1921 1518 1961 enim
1556 1921 1668 1975 cogi-

201 1992 394 2033 tationes
426 1992 585 2046 elapsae
622 1996 780 2045 sponte
814 2005 893 2031 sua
938 1990 1066 2031 nobis
1100 1997 1350 2034 recurrunt.
1389 1990 1520 2030 etiam
1567 2004 1665 2029 cum

201 2061 434 2109 nolumus3
487 2059 728 2115 aliquando
762 2074 840 2115 pro
871 2060 1106 2101 voluntate
1140 2058 1668 2100 revocantur.—Memo-

201 2131 309 2171 riam
333 2130 378 2171 in
396 2129 663 2185 quibusdam
688 2130 841 2184 magis,
857 2129 901 2170 in
918 2130 1015 2169 aliis
1039 2129 1186 2169 minus
1209 2133 1409 2169 tenacem
1429 2142 1520 2168 esse
1540 2142 1669 2181 expe-

201 2200 360 2241 rientia
384 2199 528 2240 docet.
591 2198 765 2239 Scimus
788 2199 921 2240 etiam
946 2213 1042 2240 eam
1067 2188 1270 2253 adjuvari
1303 2198 1495 2237 multum
1528 2202 1668 2237 atten-

202 2269 322 2310 tione
346 2272 391 2310 et
423 2268 713 2309 associatione
738 2267 950 2309 idearum.
1017 2267 1118 2318 Quo
1142 2267 1282 2321 major
1305 2272 1370 2307 est
1404 2267 1666 2307 attentionis

201 2337 366 2393 gradus
388 2336 443 2377 ad
477 2336 664 2392 objecta,
688 2351 738 2378 eo
777 2336 952 2378 facilius
986 2351 1035 2378 ea
1073 2337 1285 2377 memoria
1323 2336 1590 2383 retinemus3
1624 2341 1665 2375 et

202 2419 316 2460 saepe
349 2405 414 2454 fit,
437 2409 487 2446 ut
523 2407 780 2447 reeurrente
804 2405 979 2461 objecto
1004 2405 1125 2460 quod
1164 2420 1252 2445 una
1286 2419 1384 2446 cum
1420 2405 1504 2444 alio
1528 2410 1669 2445 atten—

204 2475 323 2516 tione
351 2473 543 2529 quadam
577 2480 837 2529 perceptum
871 2481 951 2523 est,
975 2475 1108 2529 liujus
1146 2474 1245 2515 idea
1277 2475 1423 2514 animo
1454 2480 1665 2513 recurrat.

203 2543 322 2585 Hinc
355 2543 670 2599 quadantenus
703 2536 1067 2599 explicatur-cur
1105 2545 1222 2585 inter
1260 2549 1327 2584 tot
1360 2543 1534 2597 objecta
1567 2557 1665 2596 (11111Δ

203 2614 524 2668 cognoscimus,
547 2613 752 2668 quaedam
790 2614 968 2668 optime.
993 2614 1077 2653 alia
1110 2612 1295 2653 obscure
1319 2611 1571 2653 admodum.
1595 2611 1665 2650 vol

204 2682 327 2722 nullo
344 2681 475 2723 modo
498 2696 705 2724 revocare
729 2683 961 2736 possimus.
1026 2681 1109 2722 His
1132 2682 1302 2735 positis,
1321 2695 1420 2735 quac
1444 2680 1665 2734 praecipua

203 2755 310 2791 sunt
331 2750 376 2791 in
399 2750 511 2792 thesi
537 2749 842 2792 defendemus.
