2025 3357
536 386 601 415 DE
633 386 789 415 SIMPL.
812 386 871 414 ET
903 385 1178 416 SPIRITUAL.
1201 384 1393 416 ANIMAE.
1617 376 1697 418 281

234 513 340 568 quia
375 517 582 554 movetur
620 527 778 567 eorpus
815 513 861 553 in
899 527 987 567 quo
1026 514 1258 568 reperitur,
1294 514 1464 555 ratione
1504 515 1698 569 eorporis

232 582 402 623 moveri
425 581 614 630 dicitur3
648 581 769 636 quod
802 587 919 622 certe
944 596 1033 622 non
1067 582 1204 623 officit
1226 583 1383 623 animse
1407 584 1697 637 simplicitati.

301 649 390 703 Obj.
414 650 472 690 4⁰.
508 655 531 673 ⁶⁶
547 649 771 705 Cogitatio
806 649 970 690 dicitur
996 665 1244 705 repugnare
1268 652 1478 699 materiae,
1503 652 1608 705 quia
1631 658 1697 693 est

231 718 342 774 quid
374 719 575 773 simplex,
600 718 706 758 dum
738 720 922 759 materia
955 724 1021 759 est
1054 719 1163 773 quid
1196 721 1517 774 compositu]113
1551 720 1698 774 Atqui

230 788 427 829 materiae
466 792 726 841 competunt
764 788 860 828 alia}
899 789 1193 842 proprietates
1231 790 1466 843 simplices,
1504 794 1556 830 ut
1593 794 1698 830 sunt

229 861 392 906 motus,
425 857 635 912 gravitas,
659 861 743 897 etc.
807 856 925 912 Ergo
963 858 1159 898 materiae
1198 872 1287 897 non
1326 863 1547 913 repugnat
1585 859 1699 914 cogi-

229 925 384 966 tatio.”

289 994 422 1050 Resp.
447 993 503 1034 1⁰.
538 993 762 1049 Cogitatio
786 998 853 1034 est
886 1009 973 1035 non
1004 994 1134 1035 modo
1158 996 1360 1049 simplex,
1384 1011 1539 1036 verum
1563 997 1696 1038 etiam

229 1064 488 1118 spiritualis.
546 1063 664 1118 Ergo
688 1064 877 1117 requirit
899 1065 1167 1118 principium
1193 1064 1389 1119 ejusdcm
1414 1071 1599 1115 naturae,
1619 1080 1695 1107 seu

229 1133 482 1188 subjectum
531 1131 652 1187 quod
693 1133 751 1173 sit
797 1133 1037 1173 intrinsece
1077 1147 1099 1173 a
1138 1135 1322 1174 materia
1364 1134 1695 1188 independens3

229 1202 378 1256 Atqui
399 1202 593 1243 materiae
617 1202 746 1249 vires,
771 1202 875 1242 licet
908 1202 1129 1256 simplices
1157 1202 1376 1251 dicantur,
1401 1217 1489 1243 non
1513 1209 1619 1244 sunt
1642 1203 1695 1243 ab

228 1272 324 1326 ipsa
346 1272 531 1312 materia
563 1271 928 1325 independentcs,
953 1270 1031 1312 sed
1063 1272 1359 1313 essentialiter
1381 1273 1435 1313 al)
1459 1287 1507 1313 ea
1531 1274 1576 1313 in
1600 1288 1698 1327 ope-

227 1339 367 1381 rando
389 1339 612 1394 pendent3
646 1340 778 1395 Ergo.
838 1340 890 1382 20.
927 1339 1152 1395 Cogitatio
1176 1346 1242 1381 cst
1265 1346 1391 1381 actus
1424 1342 1694 1391 innnanens3

229 1409 348 1464 Ergo
372 1409 561 1463 requirit
582 1409 850 1464 principium
884 1408 1004 1463 quod
1037 1410 1225 1450 actionis
1249 1410 1533 1451 immanentis
1556 1425 1695 1465 capax

228 1478 312 1527 sit3
344 1478 492 1532 Atqui
513 1479 629 1519 vires
653 1492 752 1532 quae
776 1483 882 1518 sunt
914 1479 959 1518 in
995 1479 1266 1533 corporibus,
1290 1493 1378 1519 non
1415 1480 1579 1520 liabent
1615 1494 1695 1520 nec

228 1544 390 1586 habere
442 1550 630 1599 possunt
681 1545 902 1586 actionem
956 1545 1287 1593 innnanentem,
1332 1546 1437 1600 quia
1479 1546 1695 1600 respicere

228 1618 462 1668 nequeunt
484 1614 569 1654 nisi
592 1615 832 1655 terminum
851 1615 1179 1663 extrinsecum3
1214 1615 1346 1670 Ergo.

297 1682 388 1735 Obj.
411 1682 469 1723 50.
505 1683 708 1723 “Anima
730 1684 968 1724 intrinsece
993 1683 1217 1737 dependet
1239 1698 1264 1724 a
1287 1698 1468 1738 corpore
1493 1685 1625 1725 etiam
1650 1685 1693 1725 in

228 1752 403 1793 actibus
439 1753 544 1794 vitae
588 1753 831 1793 rationalis.
895 1752 1013 1803 Quia
1049 1754 1085 1794 si
1121 1753 1420 1808 dependentia
1454 1754 1696 1795 intrinseca

228 1835 319 1862 non
340 1822 411 1870 sit,
435 1822 559 1862 nulla
581 1826 729 1875 potest
761 1821 855 1862 dari
888 1823 1000 1862 ratio
1029 1822 1254 1864 sufficiens
1277 1837 1355 1864 cur
1378 1829 1473 1863 tum
1497 1824 1695 1864 evolutio

228 1891 491 1932 mentalium
514 1890 795 1939 facultatum,
818 1896 914 1932 tum
938 1892 1192 1934 earumdem
1217 1893 1481 1934 exercitium
1503 1892 1694 1947 pendeat

228 1973 254 2001 a
291 1960 624 2001 conditionibus
657 1962 866 2015 cen-poris.
940 1961 1130 2003 Constat
1162 1976 1306 2016 porro,
1334 1963 1493 2003 vitiato
1527 1963 1698 2017 organi-

228 2043 336 2078 smo,
359 2035 485 2071 actus
507 2031 807 2071 intellectivos
830 2030 983 2072 haberi
1006 2046 1093 2071 non
1118 2031 1288 2086 posse.''

287 2098 421 2155 Resp.
456 2099 586 2140 Ratio
610 2099 705 2140 dari
727 2105 889 2154 potest,
913 2105 959 2141 et
980 2099 1085 2141 data
1107 2101 1195 2155 jam
1218 2100 1305 2141 fuit
1327 2101 1373 2140 in
1396 2100 1693 2142 declaratione

228 2168 379 2211 thesis.
443 2169 595 2220 Quum
632 2170 749 2211 enim
782 2170 929 2210 anima
963 2171 1021 2210 sit
1056 2170 1230 2224 corpori
1264 2170 1404 2218 unita,
1428 2184 1517 2209 non
1548 2174 1695 2223 potest

229 2239 581 2280 connaturaliter
602 2238 854 2293 intelligere
878 2254 902 2279 a
933 2253 1115 2293 corpore
1140 2240 1319 2279 ‹sunnino
1343 2238 1693 2293 pnescimlendo.

229 2305 351 2348 Hinc
389 2313 455 2349 est
493 2307 614 2362 quod
651 2308 894 2357 materiam,
933 2322 1066 2362 quam
1109 2308 1337 2363 intelligit,
1375 2308 1458 2348 sibi
1502 2312 1696 2361 nequeat

230 2389 483 2430 comparare
507 2377 590 2417 nisi
615 2391 692 2431 per
715 2377 911 2431 corporis
935 2377 1245 2418 ministerium.
1312 2376 1358 2417 Si
1382 2376 1579 2417 conditio
1603 2376 1695 2417 lizcc

229 2458 320 2485 non
341 2445 536 2499 ponitur,
559 2450 640 2487 nec
673 2451 799 2488 actus
830 2447 935 2500 poni
967 2450 1128 2500 potest.
1193 2445 1323 2487 Unde
1357 2446 1554 2487 ewnlutio
1579 2460 1696 2485 men-

229 2513 388 2554 talium
424 2513 690 2555 facultatum
729 2513 922 2570 pendere
961 2514 1095 2556 debet
1121 2529 1143 2555 a
1169 2514 1503 2555 conditionibus
1525 2513 1696 2568 organi-

230 2582 337 2630 smi3
371 2588 415 2624 et
437 2597 587 2624 earum
611 2584 784 2625 actuale
808 2584 1070 2625 exercitium
1105 2584 1264 2637 nequit
1292 2583 1346 2623 ab
1371 2583 1525 2623 iisdem
1550 2581 1696 2622 condi-

230 2651 428 2693 tionibus
445 2651 752 2705 praescindere.
802 2651 949 2703 Quare
969 2653 1004 2691 si
1027 2658 1209 2692 actuum
1228 2652 1489 2692 mentalium
1509 2651 1693 2691 cessatio

230 2720 275 2759 in
313 2734 358 2761 se
395 2725 634 2774 spectetur,
667 2721 761 2762 haec
798 2726 947 2775 potest
991 2735 1115 2775 {eque
1158 2720 1369 2774 explicari
1415 2734 1491 2774 per
1536 2719 1695 2772 depen-

231 2787 429 2828 dentiam
453 2790 748 2830 extrinsecam
772 2795 816 2831 et
838 2790 1140 2830 intrinsecam.
1206 2788 1324 2829 Hinc
1348 2788 1402 2829 ad
1431 2802 1695 2841 oogmiscen-

231 2855 337 2897 dum
380 2858 524 2912 qualis
567 2858 863 2912 dependentia
908 2858 1135 2907 habeatur,
1180 2857 1311 2899 debet
1364 2857 1553 2911 spectari
1600 2857 1693 2910 ipsa
