2025 3357
711 354 776 385 DE
806 355 970 385 MUNDI
1002 355 1220 386 omomss.
1616 346 1698 388 203

583 551 703 592 Am.
738 550 920 592 1.-D1·:
952 563 1115 594 MUNDI
1147 563 1365 594 ORIGINE.

766 688 778 726 ᾧ
793 689 824 718 1.
837 706 874 709 -
886 689 1168 719 Praenotanda.

291 748 386 791 285.
421 749 794 805 Philosophorum
818 752 1052 792 sententia}
1078 752 1192 792 circa
1215 752 1371 793 mundi
1404 753 1621 808 originem
1645 753 1699 794 ad

232 823 322 860 tres
344 818 497 860 reduci
520 824 707 873 possunt
726 836 734 867 ;
767 820 888 874 prior
906 822 1093 860 recurrit
1118 820 1173 861 ad
1197 822 1483 863 existentiam
1502 824 1698 863 materiae

231 887 549 942 improductae3
583 889 721 929 altera
754 887 972 928 mundum
1006 903 1061 930 ex
1094 889 1245 930 divina
1280 890 1545 939 substantia,
1567 892 1698 946 juxta

232 957 585 1011 pantheistarum
620 957 796 1011 placita,
820 956 994 998 derivat
1014 974 1023 1005 3
1057 959 1189 999 tertia
1214 959 1430 999 mundum
1454 974 1478 1000 a
1502 960 1597 1001 Deo
1621 976 1698 1015 per

231 1026 497 1067 creationem
542 1027 777 1080 provenire
821 1025 1023 1067 affirmat.
1088 1027 1328 1082 Triplicem
1362 1028 1480 1070 hunc
1514 1030 1697 1084 originis

230 1094 411 1135 modum
444 1096 635 1149 primum
661 1095 1012 1144 declarabimus3
1046 1095 1207 1138 deinde
1240 1097 1401 1138 thesim
1434 1103 1696 1147 statuemus,

229 1164 272 1204 in
310 1178 412 1218 qua,
445 1163 619 1205 duabus
660 1164 883 1218 prioribus
917 1166 1153 1206 sententiis
1188 1166 1377 1220 rejectiS,
1411 1167 1698 1208 ostendemus·

230 1232 447 1273 mundum
468 1233 637 1273 nullam
660 1234 805 1282 aliam,
829 1247 962 1288 quam
986 1248 1063 1288 per
1081 1235 1175 1275 veri
1198 1235 1389 1276 nominis
1414 1237 1696 1285 creationem,

228 1303 442 1358 originem
468 1303 628 1344 habere
653 1304 864 1357 potuisse.

288 1371 381 1413 286.
418 1371 618 1413 Priorem
641 1373 910 1413 sententiam
935 1373 1011 1413 alii
1043 1373 1128 1413 alio
1162 1372 1293 1414 modo
1317 1373 1630 1424 defenderunt,
1654 1382 1697 1416 et

231 1440 390 1491 adhuc,
413 1443 544 1496 pauci
567 1447 731 1491 tamen,
755 1441 1005 1484 defendunt
1031 1442 1298 1497 philosophi.
1362 1444 1425 1483 At
1450 1458 1601 1485 omnes
1624 1445 1697 1485 isti

227 1510 347 1551 modi
381 1511 540 1552 ultimo
572 1510 852 1553 reducuntur
894 1510 947 1552 ad
987 1512 1243 1566 opinionem
1287 1511 1489 1553 Platonis
1523 1518 1568 1553 et
1600 1513 1700 1553 Ari-

227 1580 414 1621 stotelis.
480 1580 560 1622 Ille
585 1581 771 1621 asseruit
795 1581 1039 1629 materiam,
1064 1595 1152 1635 qua
1187 1580 1382 1622 mundus
1416 1587 1604 1630 constat,
1638 1584 1699 1622 in-

226 1649 423 1704 genitam
468 1664 587 1697 esse3
635 1648 713 1691 sed
755 1649 937 1690 modum
980 1654 1025 1690 et
1067 1648 1282 1697 ordinem,
1326 1664 1459 1704 quem
1502 1650 1697 1691 mundus

226 1717 408 1772 praebet,
452 1732 476 1759 a
525 1732 657 1759 causa
710 1718 1006 1773 intelligente,
1050 1732 1208 1772 nempe
1270 1718 1380 1767 Deo,
1424 1720 1695 1772 provenisse.

226 1787 369 1827 Juxta
401 1786 516 1827 hanc
550 1787 818 1841 opinionem,
842 1787 964 1827 Deus
1002 1792 1117 1828 esset
1152 1786 1379 1836 formator,
1415 1802 1504 1829 non
1547 1793 1695 1829 autem

226 1862 398 1899 creator
440 1856 609 1897 mundi.
688 1857 970 1905 Aristoteles,
1009 1872 1031 1899 e
1069 1863 1236 1906 contra,
1279 1858 1425 1912 ipsum
1478 1858 1694 1899 mundum

225 1926 556 1981 improductum
596 1941 689 1967 esse
724 1926 907 1975 docuit3
940 1927 1003 1968 ita
1039 1932 1089 1967 ut
1121 1942 1219 1968 cum
1255 1928 1439 1969 materia
1477 1942 1566 1981 qua
1599 1942 1696 1968 con-

224 2000 328 2044 stat,
361 2000 454 2036 tum
501 1996 635 2037 etiam
678 1995 836 2036 modus
874 2011 962 2050 quo
1006 1991 1277 2050 disponitur'
1302 1997 1347 2037 vi
1388 2010 1479 2037 suae
1523 2002 1693 2037 natura·

224 2065 434 2106 existant.
496 2064 589 2105 Nos
615 2065 732 2105 inter
755 2065 848 2106 haec
872 2065 960 2105 duo
994 2065 1174 2106 minime
1198 2065 1553 2120 distinguemus3
1588 2067 1693 2120 quia

223 2134 260 2175 si
281 2133 618 2188 probaverimus
640 2134 869 2176 materiam
895 2134 1222 2188 improductam
1256 2148 1349 2175 esse
1383 2149 1472 2174 non
1506 2149 1646 2188 posse,
1670 2150 1693 2174 a

223 2202 397 2244 fortiori
439 2217 687 2258 repugnare
721 2202 961 2244 dicendum
999 2209 1065 2244 est
1108 2202 1222 2244 illud
1259 2203 1379 2258 quod
1424 2203 1693 2245 Aristoteles

223 2273 424 2313 asseruit.

283 2341 378 2382 287.
412 2341 505 2383 Nec
548 2341 768 2383 diversam
813 2341 1024 2383 inibimus
1062 2342 1180 2383 viam
1223 2342 1268 2382 in
1311 2342 1451 2383 altera
1484 2342 1691 2396 opinione

223 2409 511 2451 confutanda.
575 2410 853 2452 Pantlieismi
880 2412 986 2452 licet
1019 2412 1290 2465 multiplices
1326 2411 1417 2452 sint
1449 2410 1615 2457 formae,
1640 2412 1692 2451 iis

223 2479 429 2520 omnibus
452 2479 568 2520 idem
592 2479 745 2521 subest
768 2479 1104 2521 fundamentale
1129 2479 1303 2535 dogma,
1331 2481 1500 2520 animm
1533 2495 1690 2534 nempe

223 2563 310 2589 esse
345 2548 643 2597 substantiam,
678 2563 850 2604 eamque
889 2550 1097 2589 (lerinam.
1178 2549 1295 2589 Hinc
1338 2550 1530 2589 nominis
1563 2551 1689 2590 ratio.

224 2617 384 2658 Paucis
426 2622 576 2658 tamon
626 2619 821 2672 potiores
863 2617 1132 2672 pantheismi
1174 2617 1339 2659 formas
1381 2618 1688 2666 indicabimus,

223 2692 316 2726 tum
337 2687 442 2740 quia
465 2687 509 2727 in
533 2686 645 2728 hanc
669 2688 962 2741 quaestionem
989 2702 1077 2727 non
1111 2687 1302 2741 amplius
1334 2686 1476 2728 redire
1502 2687 1691 2728 intendi-

224 2769 332 2803 mus,
358 2760 452 2795 tum
491 2756 623 2796 etiam
662 2760 713 2795 ut
751 2757 908 2796 melius
946 2757 1199 2796 innotescat
1235 2760 1429 2810 systema
1462 2755 1544 2795 hoc
1578 2756 1687 2796 nihil

222 2838 315 2865 esse
339 2823 460 2864 aliud
485 2838 616 2878 quam
641 2823 969 2864 absurditatum
995 2825 1260 2879 congeriem.
1327 2824 1456 2866 Unde
1482 2825 1526 2865 1a
1549 2824 1687 2865 forma
