2025 3357
295 397 378 439 334
807 402 1239 435 ANTHRoPoLoerA.

295 534 398 589 eligi
435 533 586 587 possit.
651 531 748 573 Hoc
786 531 951 573 suffieit
989 536 1039 571 ut
1062 530 1269 572 voluntas
1307 528 1466 571 idonea
1503 528 1580 570 fiat
1617 528 1669 570 ad
1708 543 1752 571 se

295 601 690 645 determinandam.
769 599 902 651 Quod
944 605 994 640 ut
1036 600 1185 653 aliquo
1223 599 1426 653 exemplo
1465 599 1753 647 illustremus,

295 673 410 727 finge
453 671 506 711 ab
550 671 785 711 intellectu
822 668 1009 722 proponi
1051 667 1161 708 duas
1198 682 1266 708 res
1309 681 1407 721 quae
1450 666 1754 720 percipiantur

294 754 473 794 prorsus
508 739 727 793 aequales3
767 751 930 791 quaeffl),
954 750 1043 790 qua
1077 735 1257 777 tandem
1292 736 1462 776 ratione
1498 735 1753 775 intellectus

294 822 538 862 pr‹‘›ponere
564 805 789 847 voluntati
812 804 977 859 poterit
1004 819 1094 846 rem
1118 818 1251 844 unani
1275 818 1365 858 prae
1387 804 1472 844 alia
1495 817 1587 844 esse
1610 816 1757 844 neces·

295 876 407 917 sario
450 874 732 931 eligendam?
792 872 928 914 Nulla
969 873 1402 927 profectu—Immo
1444 872 1513 913 fac
1555 885 1623 912 res
1664 886 1754 912 non

295 959 387 986 esse
412 945 616 999 aequales,
639 948 727 984 tan]
753 957 887 983 unam
911 955 1044 996 quam
1067 941 1196 982 aliam
1220 942 1477 982 intellectus
1501 939 1683 982 exhibet
1704 945 1755 981 ut

295 1014 468 1061 bonam,
493 1018 697 1053 neutram
719 1016 866 1052 tamen
892 1015 943 1050 ut
974 1010 1220 1051 necessario
1245 1024 1344 1051 cum
1372 1009 1458 1051 fine
1483 1024 1753 1057 connexan13

298 1081 416 1136 Ergo
440 1087 599 1122 neutra
622 1080 706 1121 erit
728 1079 974 1120 necessario
998 1078 1214 1133 eligenda.

354 1152 398 1203 c)
434 1150 560 1190 Licet
584 1149 791 1190 voluntas
814 1163 838 1188 a
869 1147 1034 1202 judicio
1070 1147 1264 1200 practico
1300 1147 1687 1197 determinaretur,
1709 1147 1756 1188 id

295 1232 380 1259 non
422 1218 630 1272 probaret
663 1217 941 1257 voluntatem
979 1215 1160 1257 liberam
1205 1230 1292 1256 non
1337 1230 1443 1257 esse.
1506 1215 1619 1256 Nam
1661 1216 1754 1258 haeo

295 1286 608 1328 determinatio
646 1300 735 1326 non
773 1285 899 1326 fieret
931 1285 975 1325 vi
1011 1284 1179 1339 judicii,
1210 1290 1288 1325 aut
1325 1285 1487 1339 objecti
1524 1286 1754 1339 propositi,

295 1356 373 1397 sed
404 1356 448 1396 vi
484 1355 641 1409 prioris
678 1359 804 1395 actus
839 1353 1098 1402 voluntatis,
1134 1366 1222 1407 quo
1260 1353 1354 1407 ipsa
1391 1353 1524 1394 finem
1562 1354 1755 1408 aliquem

296 1424 506 1478 consequi
545 1422 782 1464 efficaciter
819 1422 1085 1463 intenderet.
1149 1421 1302 1462 Posita
1340 1422 1457 1462 enim
1495 1421 1575 1462 hac
1603 1423 1757 1463 volun-

295 1498 386 1534 tate
426 1491 692 1546 assequendi
730 1491 876 1538 finem,
900 1503 1037 1544 quum
1076 1490 1334 1531 intellectus
1372 1489 1544 1544 aliquid
1576 1491 1755 1532 omnino

295 1561 548 1602 faciendum
587 1574 679 1601 esse
719 1559 991 1607 decerneret,
1013 1559 1222 1599 voluntas
1260 1557 1316 1598 ad
1351 1558 1463 1598 illud
1501 1558 1753 1600 faciendum

296 1630 682 1671 determinaretur.
758 1628 857 1678 Quo
900 1628 945 1667 in
988 1641 1105 1676 casu,
1143 1627 1456 1668 determinatio
1500 1628 1659 1668 ultimo
1702 1627 1755 1669 ab

295 1700 390 1753 ipsa
411 1699 645 1739 voluntate
670 1702 786 1738 esset
818 1695 1072 1750 repetenda.
1135 1695 1283 1746 Quare
1311 1696 1347 1736 si
1370 1697 1579 1737 voluntas
1602 1695 1656 1737 ab
1679 1697 1754 1738 illo

295 1768 381 1809 fine
405 1766 681 1821 assequendo
706 1765 952 1813 desisteret,
980 1765 1048 1806 vel
1080 1765 1116 1806 si
1138 1778 1226 1805 11011
1261 1766 1450 1819 amplius
1473 1766 1598 1806 illum
1623 1765 1756 1807 finem

296 1836 497 1877 obtinere
525 1836 677 1884 vellet,
707 1834 924 1888 judicium
962 1834 1208 1887 practicum
1246 1834 1416 1874 nullam
1453 1835 1642 1889 amplius
1664 1835 1754 1875 vim

295 1905 491 1946 haberet.

354 1975 407 2027 d)
444 1973 634 2014 Demum
667 1971 738 2013 hic
771 1985 860 2012 11011
891 1971 1158 2025 inquirimus
1182 1976 1331 2011 utrum
1356 1971 1579 2021 voluntas,
1601 1973 1758 2026 11100111-

296 2048 423 2084 cente
456 2047 630 2083 tantum
668 2040 834 2095 judicio
867 2041 1157 2094 speculativo,
1182 2040 1427 2094 prudenter
1458 2055 1630 2095 semper
1652 2046 1755 2096 agat

295 2113 367 2153 vel
390 2125 529 2152 secus.
579 2109 728 2160 Quum
748 2109 992 2163 prudenter
1014 2110 1200 2164 agimus,
1220 2109 1487 2163 inquirimus
1505 2123 1591 2150 non
1612 2110 1755 2150 solum

296 2180 405 2235 quid
427 2179 531 2234 eligi
558 2179 710 2233 possit,
733 2178 811 2220 sed
844 2179 978 2219 etiarn
1013 2177 1123 2232 quid
1158 2178 1215 2218 sit
1250 2177 1521 2233 eligendum.
1584 2177 1754 2219 Verum

295 2249 388 2290 haec
411 2249 504 2303 ipsa
526 2248 758 2302 inquisitio
782 2245 979 2288 ostendit
1002 2246 1249 2287 voluntatis
1279 2246 1546 2288 libertatem.
1579 2256 1582 2261 '

699 2479 951 2530 CAPUT
1001 2479 1353 2529 TERTIUM.

528 2613 602 2656 DE
634 2616 773 2658 Ao'rU
806 2614 1178 2658 INTELLEOTIVAE
1211 2614 1532 2657 FACULTAris.

355 2730 452 2773 445.
486 2729 785 2785 Multiplicem
809 2746 900 2773 esse
924 2737 1073 2773 aetum
1096 2732 1365 2775 intellectus.
1384 2731 1470 2785 jam
1494 2736 1625 2772 antea
1647 2728 1756 2770 dixi-

298 2814 423 2849 mus3
453 2800 524 2841 hic
547 2813 635 2840 non
659 2800 830 2854 agimus
855 2800 938 2840 nisi
971 2800 1023 2841 de
1052 2799 1174 2843 ideis.
1198 2814 1299 2839 nain
1323 2813 1422 2853 quae
1446 2799 1499 2840 de
1521 2799 1686 2854 judicio
1711 2803 1755 2839 et

298 2869 531 2910 ratiocinio
555 2869 799 2910 necessaria
822 2869 936 2909 scitu
960 2874 1077 2917 sunt,
1102 2867 1205 2909 alibi
1230 2868 1564 2922 explicavimus.
1613 2868 1754 2907 Immo
