2025 3357
297 390 377 431 272
811 395 1243 427 ANTHROPOLOGIA.

295 530 423 566 autea
448 524 623 566 606(16111
656 528 783 565 actus
806 524 972 572 elicuit,
996 538 1073 564 seu
1096 524 1181 564 nisi
1213 523 1462 578 subjectum
1494 524 1755 578 perduraret

296 594 436 642 i=le1n3
471 594 589 648 Ergo
613 594 757 633 anima
777 597 843 633 est
861 592 1110 646 subjectum
1136 592 1417 646 perdurabile
1442 593 1754 643 accidentium,

295 662 493 716 adeoque
518 667 584 703 est
607 661 869 702 substantia.
934 660 1066 710 Quod
1089 666 1400 715 argumentum
1425 662 1556 701 simul
1576 661 1755 703 conficit

296 732 477 772 unicum
511 745 603 771 esse
637 731 682 770 in
716 730 892 770 homine
917 730 1114 769 omnium
1147 730 1351 770 vitalium
1385 734 1565 770 actuum
1598 731 1757 784 princi-

294 801 444 854 pium3
478 799 635 853 probat
667 799 875 838 nimirum
910 798 1018 838 illud
1054 799 1322 852 principium
1355 813 1409 839 ex
1434 813 1521 852 quo
1549 800 1756 853 provenit

294 869 499 915 6611611110,
543 882 635 909 esse
679 866 791 907 illud
843 868 988 920 ipsum
1031 881 1086 907 ex
1129 881 1216 920 quo
1261 868 1471 921 6031111110
1514 872 1558 907 61
1599 868 1754 908 volitio

295 938 466 978 ‹lucunt
491 938 732 991 originem3
767 940 811 976 et
833 936 927 989 pari
961 936 1132 976 ratione
1168 936 1435 989 principium
1467 950 1520 976 ex
1545 950 1633 989 quo
1657 935 1756 977 fluit

294 1007 500 1053 seusatio,
533 1005 778 1046 identicum
814 1018 906 1045 esse
943 1005 1008 1043 illi
1044 1018 1098 1045 ex
1133 1018 1221 1058 quo
1255 1005 1349 1057 ipsa
1371 1005 1464 1044 vita
1498 1005 1543 1044 in
1576 1019 1755 1059 corpore

295 1080 484 1116 emanat.
549 1074 661 1115 Cum
685 1074 799 1115 enim
826 1080 951 1114 actus
974 1074 1047 1114 isti
1077 1074 1166 1113 sint
1189 1073 1360 1118 vitales,
1385 1078 1429 1114 et
1450 1074 1609 1114 vitales
1631 1078 1756 1115 actus

295 1145 588 1184 immanentes
630 1144 732 1190 sint,
776 1142 974 1182 omnium
1029 1142 1300 1182 conscientia
1342 1141 1494 1182 haberi
1536 1143 1755 1196 nequiret,

296 1214 378 1253 nisi
397 1214 593 1253 omnium
614 1211 730 1252 idem
749 1216 865 1252 esset
887 1211 1154 1265 principium
1172 1226 1180 1259 3
1214 1211 1359 1250 anima
1379 1212 1542 1265 quippe
1566 1213 1757 1265 experiri

295 1296 383 1322 non
406 1286 555 1336 posset
572 1286 623 1321 ut
645 1295 774 1321 suum
795 1280 915 1334 quod
939 1280 992 1320 ab
1011 1281 1150 1320 altero
1169 1280 1386 1334 principio
1410 1281 1659 1329 eliceretur,
1679 1287 1757 1322 aut

295 1349 533 1391 reflexione
572 1349 714 1391 redire
752 1350 796 1389 in
832 1354 958 1389 actus
991 1349 1069 1403 qui
1102 1363 1127 1389 av
1160 1349 1377 1402 principio
1411 1363 1435 1389 a
1466 1363 1510 1390 se
1544 1349 1756 1390 distincto

296 1420 595 1473 provenirent.
660 1417 807 1468 Quare
834 1432 890 1458 ex
913 1418 989 1457 illo
1019 1422 1282 1472 argumento
1307 1432 1393 1457 non
1429 1417 1557 1458 modo
1581 1418 1758 1459 deduci-

297 1495 369 1528 tur
403 1489 594 1528 animam
632 1502 724 1528 esse
760 1486 1071 1535 substantiam,
1105 1486 1182 1527 sed
1214 1487 1394 1540 insuper
1418 1486 1530 1527 hanc
1557 1487 1759 1528 substan-

296 1558 401 1597 tiam
435 1571 527 1598 esse
561 1557 742 1596 unicum
781 1556 1048 1609 principium
1084 1556 1279 1596 omnium
1305 1556 1509 1597 vitalium
1544 1557 1759 1611 operatio-

296 1641 416 1673 num,
435 1640 534 1681 quae
557 1626 602 1666 in
626 1625 802 1666 homine
826 1624 1061 1665 habentur.

354 1695 449 1736 372.
485 1694 737 1745 Quaerimus
791 1708 894 1749 ergo
943 1707 1149 1748 quzenam
1202 1694 1260 1734 sit
1314 1694 1442 1734 istius
1494 1694 1755 1736 substantiae

296 1769 468 1805 natura.
531 1763 869 1818 Respondemus
907 1763 1097 1803 animam
1137 1777 1229 1804 esse
1267 1762 1562 1804 substantiam
1596 1764 1760 1819 simpli-

297 1849 381 1875 cem
405 1839 450 1875 et
472 1833 758 1888 spiritualem.
822 1831 1021 1886 Simplex
1046 1846 1255 1873 vocamus
1288 1832 1333 1873 id
1356 1831 1478 1887 quod
1509 1833 1654 1874 nullas
1687 1833 1759 1873 1111-

295 1902 370 1944 bet
392 1908 553 1957 partes,
572 1916 650 1943 seu
673 1902 851 1956 exurgit
875 1915 930 1942 ex
954 1901 1085 1942 unica
1107 1901 1324 1950 realitate,
1348 1915 1486 1955 eaque
1510 1902 1756 1943 inextensa.

297 1972 347 2012 Id
372 1977 547 2013 constat
569 1976 614 2012 61
645 1971 772 2011 nobis
804 1975 1006 2011 constare
1042 1970 1320 2011 solummodo
1353 1975 1500 2024 potest
1531 1985 1585 2011 ex
1618 1971 1756 2025 ipsius

296 2042 411 2083 entis
444 2040 801 2095 operationibus3
844 2039 1140 2080 substantiam
1174 2040 1290 2080 enim
1324 2040 1462 2093 ipsam
1495 2053 1584 2080 non
1616 2040 1758 2080 intue-

296 2125 407 2151 mur.
470 2109 570 2150 Non
604 2114 753 2149 tamen
776 2108 821 2148 id
858 2107 1054 2148 infirmat
1086 2108 1149 2149 rei
1184 2107 1513 2155 certitudinem,
1537 2122 1637 2149 cum
1660 2122 1758 2162 ope-

295 2180 407 2220 ratio
431 2177 695 2233 respondere
730 2176 891 2218 debeat
925 2177 1040 2218 entis
1072 2182 1269 2225 naturae3
1302 2177 1405 2217 hinc
1437 2177 1631 2216 axioma:
1666 2191 1759 2232 ope-

297 2248 407 2288 ratio
426 2248 622 2302 sequitur
638 2260 739 2287 esse.
792 2244 930 2286 Porro
954 2259 1031 2286 ens
1050 2244 1169 2300 quod
1188 2245 1376 2299 simplex
1399 2250 1478 2293 est,
1494 2259 1583 2285 non
1606 2249 1755 2286 autem

295 2316 539 2371 spirituale,
572 2316 762 2356 existere
798 2314 956 2369 nequit
990 2313 1344 2368 independenter
1366 2327 1390 2353 a
1422 2314 1617 2361 materia,
1651 2314 1755 2367 quia

296 2398 424 2440 agere
448 2384 605 2438 nequit
628 2383 736 2437 quin
761 2397 861 2423 cum
885 2397 935 2424 ea
957 2382 1159 2424 efformet
1181 2397 1320 2423 unum
1343 2382 1611 2436 operationis
1641 2383 1758 2436 prin·

297 2453 474 2507 cipium.
558 2451 705 2502 Quare
759 2456 958 2493 cessante
1011 2452 1189 2501 unione,
1231 2451 1284 2491 ab
1327 2451 1566 2491 existentia
1616 2455 1755 2492 cesset

296 2525 484 2575 oportet.
547 2521 612 2561 At
644 2534 721 2562 ens
754 2519 875 2574 quod
907 2520 1137 2574 spirituale
1176 2524 1255 2567 est,
1279 2533 1367 2559 non
1400 2518 1529 2559 modo
1567 2532 1591 2559 a
1622 2533 1667 2560 se
1695 2533 1757 2560 re-

295 2590 417 2644 spuit
448 2603 622 2630 omnem
656 2589 976 2637 extensionem,
1011 2603 1164 2630 verum
1199 2589 1331 2629 etiam
1366 2588 1519 2628 existit
1548 2587 1756 2641 indepen-

297 2658 454 2700 denter
476 2672 500 2698 a
532 2658 741 2706 materia3
780 2658 859 2712 qui
881 2656 1103 2698 existendi
1131 2655 1301 2705 modus,
1325 2670 1465 2710 quum
1488 2655 1665 2696 nonnisi
1699 2670 1755 2697 ex

296 2726 627 2781 operationibus
670 2726 819 2781 colligi
861 2726 1014 2780 possit,
1047 2739 1124 2766 ens
1168 2724 1396 2779 spirituale
1434 2738 1664 2765 vocamus:
1707 2725 1756 2764 id

297 2796 408 2851 quod
443 2796 490 2836 in
527 2795 617 2836 suis
655 2794 974 2850 operationibus
1008 2800 1069 2834 est
1106 2808 1131 2834 α
1164 2793 1347 2833 materia
1380 2793 1756 2847 independens.—

297 2864 397 2905 Non
435 2869 583 2906 tamen
620 2864 763 2904 omnis
800 2861 1098 2918 dependentia
1134 2875 1158 2902 a
1195 2861 1379 2903 materia
1416 2859 1616 2916 confligit
1653 2875 1753 2902 cum
