2025 3357
553 393 617 423 DE
649 392 840 423 OBJECT.
864 391 1061 422 CONTRA
1093 389 1420 420 LIBERTATEM.
1644 377 1725 418 331

324 519 588 575 Respondeo
632 519 950 575 distinguendo
993 519 1227 574 majorem:
1273 516 1477 572 praevisio
1515 520 1559 558 et
1602 520 1727 557 actus

264 588 456 630 hominis
490 594 596 630 sunt
633 588 721 629 duo
756 589 955 637 relativa,
981 602 1170 643 quorum
1201 587 1405 641 praevisio
1438 589 1504 626 est
1536 585 1727 639 primum

264 658 308 698 in
333 657 485 699 ordine
520 658 780 707 durationis,
804 672 939 706 cone&
982 658 1027 697 in
1060 656 1213 697 ordine
1247 655 1578 704 terminationis,
1610 668 1727 708 neyo.

265 726 667 782 Contradistinguo
693 727 934 768 minorem:
968 727 1114 781 posito
1138 725 1324 767 relativo
1347 725 1481 778 priori
1504 725 1547 764 in
1573 723 1727 765 ordine

264 795 525 845 durationis,
541 797 731 837 alterum
749 795 883 837 habet
901 795 1211 836 necessitatem
1229 793 1581 841 antecedentem,
1598 807 1700 846 neyo
1714 808 1727 832 .-

263 866 408 919 posito
442 865 578 919 priori
611 866 657 906 in
691 864 846 906 ordine
880 864 1221 912 terminationis,
1247 869 1453 903 transeat.
1517 862 1641 903 Inter
1664 876 1726 911 ea,

264 948 363 988 quae
397 935 720 976 connexionem
753 934 949 988 aliquam
982 933 1161 979 habent,
1195 932 1418 986 duplicem
1452 930 1727 986 distinguere

263 1002 463 1044 ordinem
507 1002 744 1051 debemus3
786 1003 990 1043 entitatis
1031 1016 1109 1043 5011
1146 1000 1395 1041 durationis
1437 1006 1481 1041 et
1524 1000 1730 1041 termina-

262 1072 411 1112 tionis.
474 1071 629 1113 Unum
651 1070 774 1112 aliud
791 1071 1026 1112 duratitme
1046 1070 1271 1125 praecedit,
1286 1068 1464 1124 quando
1483 1074 1586 1110 ante
1605 1068 1728 1109 aliud

263 1141 430 1182 existit.
494 1140 592 1181 Hoc
633 1155 764 1182 sensu
804 1141 1001 1195 cognitio
1045 1139 1130 1181 Dei
1171 1138 1383 1193 praecedit
1425 1143 1588 1187 actum,
1622 1138 1727 1192 quia

262 1223 416 1251 revera
439 1209 563 1251 Deus
594 1216 788 1250 aeternus
810 1216 903 1258 est3
926 1214 1052 1250 actus
1085 1214 1233 1249 autem
1266 1207 1377 1248 liber
1400 1212 1726 1261 temporaneus.

262 1279 329 1319 At
350 1279 606 1319 terminatio
629 1279 843 1333 importat
875 1279 1136 1319 relationem
1171 1277 1359 1317 actionis
1381 1275 1437 1316 ad
1460 1276 1726 1323 terminum;

263 1349 459 1403 cognitio
502 1348 587 1389 Dei
630 1362 719 1388 non
762 1347 975 1402 praecedit
1017 1347 1099 1387 hoc
1143 1361 1276 1388 sensu
1317 1351 1469 1386 actum
1510 1350 1726 1386 nostrum.

262 1416 377 1458 Nam
410 1418 566 1459 relatio
600 1417 656 1457 ad
688 1418 930 1458 terminum
964 1431 1054 1457 non
1090 1415 1293 1463 habetur,
1328 1415 1413 1455 nisi
1446 1414 1727 1469 intelligatur

261 1487 434 1540 positus
466 1487 559 1541 ipse
582 1487 813 1528 terminus.
877 1486 996 1541 Ergo
1020 1486 1206 1526 scientia
1233 1484 1318 1525 Dei
1351 1498 1439 1525 non
1464 1485 1726 1538 concipitur,

261 1555 346 1596 nisi
369 1556 651 1610 intelligatur
667 1556 841 1610 positus
863 1560 990 1596 actus
1011 1555 1123 1595 liber
1141 1554 1219 1608 qui
1242 1558 1309 1594 est
1331 1553 1573 1601 terminus3
1608 1552 1726 1607 Ergo
1776 1576 1786 1584 -

261 1623 344 1665 hoc
381 1638 515 1665 sensu
552 1625 746 1680 cognitio
784 1624 870 1666 Dei
907 1625 1156 1665 voluntatis
1190 1629 1339 1663 actum
1374 1637 1464 1664 non
1501 1622 1726 1677 praecedit.

263 1693 327 1735 Re
343 1693 522 1748 quidem
542 1708 659 1742 vera,
676 1694 888 1748 quoniam
911 1694 1067 1734 relatio
1091 1693 1208 1734 inter
1230 1692 1462 1733 scientiam
1484 1691 1569 1732 Dei
1592 1696 1726 1745 atque

261 1762 510 1802 voluntatis
544 1768 695 1802 actum
729 1761 904 1802 duobus
939 1766 1115 1801 constat-
1147 1760 1362 1808 terminis,
1386 1759 1461 1801 ille
1494 1749 1726 1800 habendus

261 1835 328 1870 est
361 1831 494 1884 prior,
517 1831 563 1871 in
586 1845 675 1885 quo
705 1831 927 1884 reperitur
948 1831 1061 1870 ratio
1085 1830 1293 1878 alteriusg
1327 1829 1472 1884 Atqui
1507 1843 1596 1869 non
1632 1828 1727 1869 ideo

261 1902 388 1939 actus
410 1897 592 1939 futurus
627 1904 693 1940 est
717 1899 819 1954 quia
854 1899 1082 1952 praevisus,
1107 1897 1185 1939 sed
1207 1912 1228 1939 e
1253 1903 1407 1939 contra
1441 1897 1542 1939 ideo
1574 1898 1729 1952 praevi-

261 1981 337 2008 sus
369 1968 474 2021 quia
506 1966 687 2008 futurus
720 1973 812 2016 est3
846 1967 966 2023 Ergo
1002 1968 1221 2009 terminus
1255 1967 1366 2009 liber
1400 1971 1466 2009 est
1501 1967 1613 2008 ratio
1649 1981 1727 2009 cur

261 2035 386 2077 Deus
408 2037 533 2076 illum
559 2041 812 2091 cognoscat.

319 2105 417 2145 442.
461 2104 551 2157 Obj,
576 2105 632 2146 30.
667 2106 912 2160 Responsio
931 2105 1035 2146 data
1052 2104 1231 2147 admitti
1254 2106 1425 2160 nequit.
1478 2105 1541 2146 Ea
1561 2105 1726 2160 quippe

262 2173 465 2222 admissa,
489 2175 675 2216 scientia
696 2174 873 2215 infinita
895 2175 949 2215 ab
973 2180 1075 2216 ente
1100 2174 1228 2215 finito
1252 2174 1547 2229 dependeretg
1580 2174 1727 2228 Atqui

261 2243 448 2283 scientia
489 2242 666 2283 infinita
708 2242 761 2284 ab
805 2248 907 2285 ente
946 2243 1073 2284 finito
1111 2243 1368 2298 dependens
1406 2242 1597 2285 absurda
1634 2248 1726 2291 0511

261 2311 382 2366 Ergo
404 2326 455 2352 ea
476 2313 703 2366 responsio
726 2311 904 2353 admitti
927 2313 1098 2366 nequit.

320 2374 456 2436 Resp.
505 2380 751 2435 Responsio
794 2388 946 2422 nostra
988 2381 1095 2422 facit
1136 2382 1367 2422 scientiam
1410 2380 1631 2422 infinitam
1674 2381 1727 2423 ab

262 2454 364 2490 ente
400 2449 529 2490 finito
568 2449 908 2504 dependentem,
933 2451 1032 2491 dist.
1057 2455 1108 2491 ut
1140 2450 1194 2491 ab
1217 2450 1391 2505 objecto
1425 2450 1547 2505 quod
1580 2450 1726 2491 Deum

262 2516 318 2557 ad
335 2517 694 2572 cognoscendum
717 2518 998 2567 determinet,
1016 2533 1119 2572 71690
1134 2533 1151 2565 ,·
1183 2523 1234 2559 111
1257 2532 1280 2559 a
1304 2518 1559 2560 conditione
1584 2532 1730 2559 neces-

261 2586 373 2627 saria
398 2587 739 2636 terminationis,
764 2602 873 2628 cone.
937 2587 1057 2627 Illud
1080 2592 1326 2643 repugnat3
1360 2587 1441 2628 hoc
1465 2592 1614 2629 autem
1638 2601 1727 2627 non

262 2654 393 2695 modo
430 2670 519 2696 non
557 2661 792 2711 repugnat,
828 2656 906 2698 sed
942 2661 1163 2711 repugnat
1202 2656 1471 2711 oppositum,
1506 2655 1725 2710 siquidem

261 2724 450 2765 scientia
482 2739 571 2765 non
605 2724 714 2766 facit
737 2724 813 2766 sed
846 2726 1059 2779 supponit
1082 2740 1211 2765 51111111
1235 2725 1474 2779 objectum.
1538 2724 1612 2765 Ad
1644 2724 1725 2765 hoo

263 2792 579 2834 declarandum
622 2793 716 2835 haec
758 2794 892 2834 habet
931 2794 1174 2849 Tongisngi
1217 2793 1440 2847 (Tleeologs.
1480 2794 1586 2847 Cap.
1626 2793 1725 2840 III„

264 2867 344 2902 art.
369 2861 494 2915 VI.).
558 2861 658 2903 Lux
696 2862 994 2904 determinata
1032 2868 1098 2905 est
1133 2878 1187 2905 ex
1212 2878 1255 2905 se
1280 2862 1335 2903 ad
1373 2863 1519 2903 omnia
1553 2861 1726 2915 objecta
