2025 3357
320 409 374 449 80
754 419 944 449 LOGrCAE
976 419 1100 449 PARS
1132 418 1343 448 ALTERA.

865 613 878 652 ᾧ
891 613 931 644 2.
942 629 979 634 —
988 613 1228 650 Propositio.

383 682 532 733 Quoad
574 683 877 723 certitudinem
919 683 1008 722 tria
1049 683 1314 723 asserimus:
1363 681 1419 722 1⁰.
1463 696 1555 723 eam
1597 682 1776 723 existere

316 752 580 807 proindeque
606 750 845 803 rejicienda
869 751 1149 806 sceptz'eorum
1171 752 1487 792 univerwle'um
1511 758 1743 791 commenta
1761 766 1777 798 ,·

320 822 374 860 20.
401 827 592 875 spectata
630 835 831 860 assensus
865 820 1092 875 firmitate,
1116 835 1207 861 eam
1242 820 1447 873 majorem
1478 820 1542 860 vel
1572 820 1776 860 minorem

318 904 403 929 esse
422 904 546 944 posse
565 903 583 937 ;
616 888 671 929 3⁰.
696 889 801 929 adeo
813 889 988 941 falsum
1012 904 1098 930 esse
1123 890 1182 929 ad
1204 904 1296 930 eccm
1318 889 1494 929 nonnisi
1516 889 1779 929 demonstra-

318 959 448 998 tionis
481 973 554 1013 ope
580 959 819 1013 perveniri,
854 965 914 1008 ut,
943 957 1018 999 hoe
1047 958 1249 1008 admisso,
1292 958 1599 999 clemowstratio
1641 958 1777 998 omnis

320 1027 597 1083 impossibilis
627 1028 795 1068 evadat.

375 1165 471 1206 108.
506 1166 549 1206 κἸ
580 1165 725 1206 PARS.
788 1165 844 1205 10.
884 1165 1013 1207 Mens
1044 1170 1140 1206 tum
1174 1169 1294 1207 certa
1328 1178 1421 1206 esse
1460 1163 1637 1212 dicitur,
1677 1178 1776 1205 cum

318 1236 493 1276 veritati
520 1235 715 1275 adhaeret
738 1235 831 1276 sine
855 1234 1090 1276 formidine
1114 1234 1315 1282 errandi3
1364 1234 1490 1288 atqui
1514 1234 1654 1274 multa
1677 1246 1775 1288 quae

317 1303 517 1344 ordinem
550 1304 736 1345 ide-aiem
768 1304 840 1344 vel
872 1304 1266 1358 experimentaiein
1309 1303 1568 1357 respiciunt,
1602 1307 1680 1342 aut
1721 1301 1777 1342 ad

317 1363 464 1414 mores
490 1373 719 1413 hominum
753 1371 1022 1421 referuntur,
1045 1373 1108 1413 ita
1134 1377 1467 1428 cognoscuntur
1489 1371 1543 1412 ab
1573 1371 1775 1419 homine3

317 1456 435 1497 ergo.
471 1442 582 1492 Quis
596 1456 749 1483 revera
763 1455 961 1495 unquam
979 1441 1062 1482 sibi
1079 1440 1345 1496 persuadeat
1360 1440 1448 1481 duo
1464 1439 1607 1481 tribus
1625 1438 1777 1480 addita

317 1525 405 1551 non
442 1510 656 1552 conficere
695 1511 962 1565 quinarium,
985 1516 1064 1551 aut
1096 1510 1140 1551 id
1172 1511 1215 1551 in
1251 1509 1438 1550 dubium
1466 1507 1645 1550 vertat?
1677 1508 1776 1563 quis

318 1579 421 1619 dum
447 1580 601 1621 asserit
624 1580 771 1635 ignem
797 1579 1065 1628 comburere,
1089 1584 1167 1620 aut
1190 1584 1352 1620 matres
1382 1579 1628 1634 generatim
1650 1591 1775 1618 suam

317 1649 484 1702 prolem
513 1663 671 1695 amare,
695 1648 830 1689 dubio
853 1649 921 1690 ve]
956 1649 1178 1690 levissimo
1202 1648 1414 1690 tenetur?
1476 1646 1606 1698 Quod
1631 1647 1775 1701 ipsum

318 1718 612 1771 scepticorum
645 1717 805 1772 agendi
834 1719 946 1759 ratio
977 1718 1222 1767 confirmat,
1246 1718 1410 1773 quippe
1435 1718 1512 1772 qui
1535 1732 1624 1758 non
1647 1731 1774 1758 secus

319 1800 367 1827 ac
411 1787 557 1827 caeteri
599 1786 798 1828 homines
834 1787 939 1827 vitae
981 1787 1135 1828 usibus
1176 1801 1221 1829 se
1264 1786 1576 1835 accomodant3
1624 1786 1776 1828 eadem

318 1854 499 1910 fugiunt
533 1860 583 1896 ut
620 1856 779 1904 noxia3
828 1855 977 1897 eadem
1014 1861 1233 1910 appetunt
1267 1860 1318 1897 ut
1358 1860 1498 1911 grata,
1531 1861 1615 1898 etc.
1679 1855 1778 1897 Hoc

319 1929 630 1979 argumentum
675 1939 812 1979 quum
856 1925 1036 1979 quidam
1075 1930 1228 1966 contra
1260 1926 1504 1979 scepticum
1537 1925 1775 1973 attulisset,

322 1992 538 2034 “difficile
572 1998 638 2034 est
670 1999 874 2034 naturam
908 1993 1106 2036 exuere‘’
1130 1995 1351 2049 scepticus
1383 1995 1594 2049 reposuit.
1657 1994 1776 2049 Ergo

319 2062 403 2102 nisi
420 2062 658 2102 humanam
682 2068 884 2103 naturam
906 2077 1067 2105 exuere
1086 2064 1287 2112 velimus,
1307 2062 1590 2105 certitudinis
1608 2062 1776 2104 factum

320 2130 606 2172 admittamus
629 2138 817 2185 oportet.

380 2199 434 2239 20.
468 2199 560 2241 Nec
584 2200 639 2241 ad
661 2200 782 2241 aliud
815 2200 1035 2250 devenies,
1060 2201 1095 2241 si
1118 2202 1263 2255 ipsum
1298 2200 1504 2243 attendas
1527 2201 1777 2243 universale

320 2268 519 2317 dubium,
558 2269 679 2324 quod
721 2284 821 2311 cum
863 2276 1031 2310 naturte
1075 2270 1349 2320 adversatur,
1393 2275 1488 2311 tum
1531 2268 1778 2312 manifestis

321 2337 748 2379 contradictionibus
790 2344 943 2380 scatet.
1019 2338 1197 2380 Etenim
1242 2339 1352 2380 nihil
1396 2344 1669 2393 compertum
1712 2343 1779 2379 est

320 2407 473 2461 magis,
504 2421 636 2460 quam
670 2407 790 2461 quod
820 2408 1011 2448 humana
1034 2408 1146 2448 ratio
1177 2409 1441 2450 naturaliter
1473 2408 1583 2449 scire
1613 2406 1780 2449 deside-

320 2480 412 2523 ret3
446 2480 488 2516 et
532 2476 710 2529 quidem
754 2491 842 2517 non
886 2481 1143 2531 utcumque,
1177 2476 1253 2519 sed
1296 2478 1357 2518 ita
1400 2483 1449 2518 ut
1493 2477 1692 2531 quiescat
1732 2476 1778 2516 in

319 2546 591 2598 possessione
626 2545 787 2600 objecti
817 2545 872 2586 ad
902 2545 1022 2600 quod
1054 2545 1212 2588 tendit.
1277 2547 1422 2600 Atqui
1452 2545 1555 2586 huic
1585 2545 1779 2585 naturali

320 2613 488 2655 sciendi
523 2613 738 2655 desiderio
779 2614 1044 2656 contradicit
1081 2615 1412 2669 scepticismus3
1452 2628 1539 2668 quo
1574 2612 1778 2660 admisso,

322 2681 498 2723 admitti
530 2683 694 2737 pariter
727 2682 908 2725 deberet
940 2684 1185 2738 potentiam
1220 2683 1484 2724 naturaliter
1521 2681 1576 2723 ad
1598 2681 1780 2736 aliquod

323 2751 547 2806 objectum
589 2751 861 2801 tendentem,
894 2752 947 2793 ab
986 2752 1137 2793 eodem
1176 2766 1347 2806 semper
1385 2751 1583 2793 deficere.
1646 2750 1778 2805 Ergo.

324 2820 511 2874 Insuper
543 2821 835 2874 scepticorum
868 2821 1135 2875 principium
1160 2820 1308 2860 “nihii
1340 2826 1458 2862 certo
1493 2834 1517 2860 a
1551 2818 1676 2860 nobis
1715 2832 1782 2859 co-

323 2889 474 2944 gnosci
506 2889 976 2944 posse‘'i11dubiuinne
1005 2895 1071 2932 est
1100 2890 1171 2931 vel
1203 2890 1360 2931 secus?
1422 2888 1467 2930 Si
1497 2889 1641 2943 prius:
1676 2900 1778 2942 ergo
