2025 3357
558 376 622 405 DE
654 376 844 405 UNioxE
876 375 1054 404 ANIMAE
1087 375 1147 404 ET
1179 374 1428 404 CORPORIS.
1639 362 1720 404 283

255 500 408 542 formae
431 501 710 542 mineralium
735 505 949 554 praestant
972 501 1014 541 111
1041 501 1226 541 materia
1248 501 1520 555 inorganica,
1539 504 1584 541 et
1606 501 1723 554 prin-

256 570 421 624 cipium
472 570 608 611 vitale
660 575 739 609 aut
790 569 1055 610 sensitivum
1097 569 1141 609 in
1186 569 1444 623 corporibus
1486 569 1720 623 organicis.

258 638 406 689 Quare
438 638 567 693 juxta
599 639 717 691 ipsos
750 638 896 678 anima
929 638 1158 679 rationalis
1181 638 1243 679 sic
1274 639 1446 691 corpori
1470 638 1720 691 copulatur,

255 712 306 748 ut
328 707 472 761 ipsum
497 711 649 747 actuet
671 705 820 760 quoad
852 721 1044 755 sensum,
1068 708 1208 747 vitam
1241 711 1285 748 et
1318 707 1457 760 ipsam
1481 706 1723 747 substanti-

255 790 325 816 am
348 790 617 830 corpoream,
641 776 734 816 sine
768 789 858 829 qua
890 777 1074 816 materia
1108 782 1261 817 extare
1294 790 1383 816 non
1411 775 1596 830 potest”
1625 775 1721 829 (Ex

255 845 450 886 Liberat.
476 843 637 899 Psyelz.
662 843 769 898 Cap.
795 844 880 884 HI.
904 844 992 884 Art
1016 844 1085 898 1).
1148 844 1201 884 111
1224 849 1371 885 autem
1407 849 1458 884 ut
1489 844 1577 898 jam
1600 848 1723 884 nota-

255 915 400 955 vimus
439 914 586 954 anima
621 913 852 953 rationalis
889 917 1072 967 praestat
1108 928 1196 953 non
1237 918 1459 967 quatenus
1491 912 1720 953 rationalis

255 988 334 1032 est,
358 988 409 1024 ut
442 982 568 1024 Stahl
599 982 790 1037 putavit,
815 981 893 1023 5611
926 987 1149 1036 quatenus
1172 983 1386 1023 virtutem
1416 982 1617 1022 continet
1639 981 1723 1021 for-

255 1067 425 1093 marum
462 1051 737 1093 inferiorum.
801 1050 1038 1101 Quatenus
1077 1056 1143 1092 est
1180 1051 1425 1099 ratimialis,
1460 1055 1525 1091 est
1563 1051 1723 1104 princi-

253 1122 377 1176 pium
399 1122 503 1162 vitae
526 1121 828 1167 intellectivae,
853 1134 986 1174 quam
1010 1120 1147 1160 vitam
1176 1119 1322 1159 anima
1345 1134 1389 1160 se
1413 1120 1505 1159 sola
1529 1123 1720 1167 exercet,

255 1192 360 1245 quia
400 1195 621 1245 repugnat
664 1194 715 1229 ut
757 1194 1020 1230 exerceatur
1066 1203 1145 1242 per
1187 1188 1480 1228 intrinsecum
1525 1188 1720 1241 corporis

254 1260 565 1301 ministerium.
644 1258 743 1299 Hoc
785 1263 1026 1313 systemate
1070 1257 1274 1305 admisso,
1308 1267 1427 1298 recte
1471 1257 1722 1311 explicatur

254 1329 437 1384 physica
469 1328 660 1369 hominis
693 1328 856 1377 unitas,
881 1328 990 1382 quin
1013 1327 1107 1367 vita
1139 1326 1458 1367 intellectualis
1491 1326 1629 1365 ullam
1652 1340 1723 1379 pa-

254 1400 394 1439 tiatur
442 1398 675 1453 jacturam.
760 1396 1044 1450 Quapropter
1097 1395 1405 1436 substantialis
1448 1400 1492 1436 et
1538 1394 1722 1448 physica

255 1468 446 1509 hominis
480 1468 627 1508 unitas
650 1467 712 1507 ita
746 1481 845 1507 cum
880 1466 1058 1506 unionis
1081 1452 1212 1505 modo
1247 1478 1449 1505 connexa
1482 1468 1562 1513 651,
1587 1468 1638 1503 ut
1671 1477 1720 1504 eo

254 1537 433 1592 rejecto,
457 1541 501 1578 et
537 1537 615 1576 iila
653 1536 775 1591 rejici
813 1535 959 1584 debet,
983 1540 1034 1575 ut
1070 1548 1224 1576 revera
1261 1534 1291 1574 ii
1324 1533 1497 1574 faciunt
1530 1546 1721 1588 quorum

255 1607 508 1660 opinionem
532 1606 603 1646 hic
626 1605 780 1659 paucis
804 1605 1091 1659 attingemus.

314 1674 410 1715 381.
445 1674 691 1728 Opiniones
742 1678 943 1715 veterum
998 1672 1363 1727 philosophorum
1416 1670 1580 1712 referre
1632 1685 1721 1711 non

255 1750 399 1785 vacat.
462 1744 531 1784 Ex
555 1743 878 1785 recentioribus
902 1743 974 1783 alii
1000 1743 1085 1783 alio
1109 1741 1240 1782 modo
1266 1741 1494 1795 explicant
1527 1741 1722 1794 corporis

256 1818 299 1855 et
323 1814 479 1854 animae
503 1813 728 1854 unionem.
793 1811 1023 1853 Habemus
1056 1816 1249 1866 systema
1283 1810 1562 1858 assistentiae,
1587 1813 1724 1864 syste-

256 1897 326 1924 ma
359 1883 601 1923 harmoniae
639 1881 940 1935 praestabilitae
979 1886 1023 1922 et
1060 1885 1254 1935 systema
1295 1878 1494 1920 influxus
1536 1878 1721 1933 physici.

255 1952 430 1993 Nostris
463 1951 738 2005 temporibus
770 1950 873 1990 huic
911 1950 1157 2004 praesertim
1189 1949 1340 2004 plures
1372 1948 1602 1989 adhaerent
1644 1948 1722 2002 qui

254 2026 422 2076 negant
464 2021 655 2061 animam
694 2034 787 2061 esse
831 2019 1026 2073 corporis
1068 2018 1283 2066 forma1n3
1317 2017 1404 2057 duo
1448 2018 1594 2071 priora
1630 2015 1720 2057 fere

255 2090 455 2132 obsoleta
497 2094 616 2130 sunt.
679 2088 943 2143 Systematis
995 2088 1261 2129 assistentiae
1305 2086 1502 2127 fautores
1545 2099 1720 2126 omnem

255 2159 594 2200 substantialem
626 2158 837 2198 unionem
860 2161 1040 2212 negant,
1064 2161 1108 2198 et
1131 2155 1353 2197 affirmant
1386 2155 1531 2195 Deum
1564 2153 1725 2208 produ-

256 2243 351 2270 cere
384 2229 430 2268 111
463 2227 722 2282 corporibus
755 2227 919 2267 nostris
951 2227 1172 2267 motiones
1204 2239 1303 2280 qua}
1338 2224 1532 2265 motibus
1565 2224 1721 2264 animae

255 2297 566 2352 respondeant,
590 2310 640 2337 ea
672 2295 797 2336 ducti
839 2295 1011 2336 ratione
1054 2294 1177 2349 quod
1220 2308 1403 2348 corpora
1444 2293 1591 2333 activa
1633 2306 1722 2332 non

255 2367 358 2408 sint.
422 2366 607 2407 Caeteris
636 2365 957 2419 praetermissis,
982 2364 1222 2418 explicatio
1246 2363 1338 2403 haec
1365 2362 1475 2402 falso
1512 2362 1722 2401 innititur

255 2434 562 2483 fundamento,
595 2440 892 2488 praeterquani
936 2432 1057 2487 (111011
1099 2436 1232 2487 neget
1265 2431 1491 2485 physicam
1531 2430 1722 2470 hominis

256 2505 488 2545 unitatem.
553 2503 651 2544 Hoc
689 2509 756 2545 est
800 2507 995 2558 systema
1038 2502 1233 2555 plurium
1279 2500 1724 2541 Cartesianorum.—-

255 2573 532 2615 Leibnitzius
564 2574 739 2614 invexit
771 2577 966 2627 systema
1002 2569 1583 2623 1111111101111611116511111111116.
1647 2568 1724 2607 Ju-

255 2648 333 2683 xta
369 2643 451 2683 hoc
489 2643 673 2683 “anima
710 2647 753 2683 et
797 2655 956 2694 corpus
993 2639 1216 2679 habentur
1259 2639 1324 2678 uti
1367 2637 1454 2677 (1110
1505 2636 1721 2690 principia

255 2711 512 2760 activitatis,
536 2725 636 2765 quae
669 2724 866 2752 seorsum
901 2712 1144 2762 operantur
1177 2713 1221 2748 et
1253 2707 1407 2747 seriem
1444 2706 1721 2760 propriarum

255 2781 563 2834 operationum
606 2780 791 2820 eliciunt
835 2777 987 2819 eodem
1033 2777 1161 2830 plane
1205 2775 1349 2823 1110110,
1380 2790 1429 2814 ac
1463 2774 1497 2813 si
1531 2774 1720 2813 alterum

254 2849 523 2904 principium
556 2862 644 2888 non
678 2848 904 2888 existeret.
969 2844 1056 2886 Sed
1079 2844 1202 2885 Deus
1225 2844 1278 2884 ab
1303 2849 1468 2884 16161110
1497 2842 1721 2896 praescivit
