2025 3357
262 370 344 410 320
775 377 1207 409 ANTHROPOLoerA.

262 515 392 549 ratos.
455 508 599 548 Actus
634 507 810 548 elicitus
844 510 911 547 est
943 506 1021 559 qui
1054 505 1110 545 ad
1133 506 1411 547 voluntatem
1434 505 1641 559 pertinet,
1665 504 1718 546 ab

263 592 401 631 eaque
425 581 651 630 tamquam
682 576 797 615 actio
821 575 915 629 ejus
947 574 1124 628 propria
1145 573 1399 614 immediate
1432 573 1718 627 producitur3

263 660 298 687 e.
331 660 371 700 g.
407 645 534 693 velle,
569 644 832 691 consentire,
871 643 1047 697 eligere.
1110 642 1358 696 Imperatus
1393 647 1518 683 actus
1556 642 1720 682 dicitur

262 712 335 752 ille
360 711 437 765 qui
469 725 547 764 per
569 710 675 750 alias
699 709 935 749 facultates
958 722 982 748 a
1004 708 1237 749 voluntate
1271 712 1412 748 motas
1444 707 1719 761 producitur,

263 782 324 821 ita
348 786 396 820 ut
419 779 474 819 ad
493 779 771 819 voluntatem
795 782 979 831 spectet,
998 791 1086 817 non
1110 781 1242 831 prout
1265 776 1318 817 ab
1342 777 1435 830 ipsa
1458 776 1721 830 producitur

263 846 339 888 sed
372 850 505 899 prout
538 849 687 885 movet
709 844 816 884 alias
849 843 1072 897 potentias
1099 843 1155 883 ad
1177 842 1448 883 exercendos
1480 847 1605 883 actus
1637 842 1721 883 sibi

263 915 463 970 proprios
495 928 536 953 v.
569 928 607 968 g.
645 913 974 966 contemplatio,
1008 911 1322 960 deambulatio,
1356 916 1439 952 etc.
1510 910 1563 951 Id
1595 925 1723 965 expe-

262 984 421 1025 rientia
446 989 581 1038 patet.
647 982 794 1036 Hujus
826 982 888 1022 rei
911 981 1150 1035 explicatio
1173 981 1310 1021 relate
1334 979 1389 1019 ad
1413 984 1538 1020 actus
1570 984 1723 1034 poten-

264 1053 425 1093 tiarum
459 1051 786 1099 sensitivarum,
810 1050 856 1090 in
883 1055 1103 1104 quantum
1135 1050 1362 1103 appetitus
1394 1048 1577 1089 inferior
1598 1062 1724 1102 supe-

263 1121 367 1161 riori
398 1120 562 1165 subest.
586 1121 755 1160 nullam
788 1117 1017 1173 praesefert
1049 1117 1381 1165 diffieuitate1n3
1415 1122 1459 1157 at
1483 1116 1722 1157 difficultas

264 1190 466 1245 quaedam
502 1189 635 1229 datur
667 1189 712 1228 in
745 1187 1008 1242 explicando
1042 1185 1265 1241 quomodo
1303 1191 1429 1227 actus
1465 1186 1722 1227 intellectus

264 1260 469 1313 imperari
492 1263 673 1313 queant.
736 1257 945 1297 Diximus
968 1257 1132 1310 quippe
1157 1256 1405 1309 appetitum
1428 1256 1555 1309 sequi
1579 1255 1724 1309 cogni-

264 1329 458 1376 tionem3
493 1341 595 1382 ergo
619 1326 769 1380 potius
801 1324 1040 1366 dicendum
1075 1328 1190 1365 esset
1211 1324 1491 1364 voluntatem
1521 1323 1574 1364 ab
1598 1323 1724 1363 intel-

264 1397 397 1445 lectu,
416 1411 505 1437 non
529 1401 677 1436 autem
701 1395 819 1435 hunc
843 1394 897 1435 ab
920 1394 995 1434 illa
1018 1393 1199 1434 moveri.
1263 1392 1577 1446 Respondetur
1598 1391 1725 1432 intel-

264 1465 430 1507 lectum
454 1479 629 1505 movere
654 1465 933 1504 voluntatem
957 1462 1169 1514 objectae,
1193 1465 1237 1502 et
1260 1462 1426 1502 moveri
1449 1475 1473 1501 a
1490 1461 1722 1501 voluntate

265 1534 464 1589 effective,
488 1548 576 1574 non
612 1532 791 1587 quidem
824 1532 961 1572 relate
985 1530 1041 1571 ad
1072 1531 1263 1585 primum
1290 1534 1452 1578 actum,
1476 1543 1572 1570 cuir¹
1599 1543 1726 1583 appe-

265 1603 375 1643 titus
408 1607 630 1656 supponat
654 1601 969 1656 cognitionem,
1002 1599 1079 1640 sed
1110 1599 1247 1640 relate
1271 1598 1326 1639 ad
1358 1599 1466 1639 alios
1498 1602 1623 1639 actus
1646 1598 1724 1652 qui

266 1676 614 1726 consequuntur.
679 1670 820 1710 Motio
847 1683 954 1724 ¹ergo
976 1669 1225 1709 voluntatis
1249 1682 1337 1708 non
1361 1673 1427 1709 est
1450 1667 1557 1708 adeo
1581 1681 1726 1708 neces-

264 1741 390 1789 saria,
415 1746 464 1781 ut
494 1741 586 1781 sine
610 1754 660 1781 ea
683 1739 853 1793 operari
886 1739 1098 1792 potentiae
1122 1741 1370 1791 nequeant3
1404 1738 1508 1778 licet
1532 1750 1726 1778 necessa-

264 1811 327 1850 ria
361 1810 431 1855 sit,
464 1814 515 1850 ut
547 1810 612 1850 illi
645 1814 770 1849 actus
802 1808 1045 1849 voluntarii
1088 1807 1307 1847 dicantur.
1372 1806 1469 1847 Hoc
1506 1804 1641 1846 modo
1674 1804 1724 1845 fit

265 1879 466 1921 reductio
502 1880 804 1933 potentiarum
843 1877 1137 1917 humanarum
1180 1874 1235 1915 ad
1267 1889 1407 1915 unum
1445 1888 1640 1922 movens,
1674 1878 1724 1913 ut

265 1950 385 1987 recta
409 1946 465 1986 sit
489 1949 533 1986 et
556 1944 759 1984 ordinata
783 1948 953 1984 naturae
978 1942 1218 1983 institutio.
1285 1938 1380 1994 (Cf.
1399 1940 1560 1982 Suarez
1583 1940 1610 1980 1.
1631 1940 1692 1993 6.)

344 2101 465 2141 ART.
504 2099 734 2140 Iit-DE
766 2107 997 2138 HUMANAE
1030 2106 1339 2136 VOLUNTATIS
1368 2105 1653 2135 L1BERTATE.

717 2223 729 2262 ᾧ
747 2224 779 2252 1.
790 2222 1075 2252 -Declaratur
1096 2220 1276 2257 quaestio.

325 2299 421 2340 426.
456 2297 696 2339 Libertatis
757 2309 918 2336 nomen
980 2293 1290 2347 multipliciter
1341 2297 1595 2347 usurpatur,
1648 2292 1725 2333 sed

266 2373 400 2423 prout
432 2366 621 2409 refertur
664 2364 719 2405 ad
752 2364 1053 2418 operationem
1091 2361 1337 2417 generatim
1371 2361 1546 2402 definiri
1575 2365 1725 2415 potest

269 2436 565 2477 “immunitas
608 2450 629 2475 a
673 2433 937 2475 necessitate
986 2431 1031 2471 in
1081 2429 1295 2485 agendo.”
1377 2429 1628 2471 Necessitas
1678 2431 1723 2470 111

267 2504 439 2561 agendo
482 2503 648 2558 duplex
701 2516 793 2543 esse
845 2504 1005 2555 potest,
1048 2499 1224 2539 moralis
1267 2502 1311 2540 et
1351 2498 1559 2553 physica3
1622 2497 1724 2540 hinc

268 2574 435 2629 duplex
468 2586 645 2627 quoque
678 2571 860 2612 libertas
892 2568 1030 2618 adest,
1064 2568 1234 2609 scilicet
1266 2566 1440 2607 libertas
1474 2568 1648 2608 moralis
1681 2573 1726 2609 et

269 2643 444 2685 libertas
470 2640 667 2698 physica.
731 2639 813 2679 Illa
849 2642 915 2680 est
949 2637 1206 2678 immunitas
1238 2635 1292 2676 ab
1319 2636 1467 2690 aliqua
1501 2636 1596 2691 lege
1621 2636 1726 2677 obli-

268 2716 424 2768 gante3
460 2710 553 2751 haec
586 2714 651 2750 est
684 2707 942 2748 immunitas
965 2720 989 2747 a
1010 2705 1194 2760 physica
1226 2705 1489 2746 necessitate
1523 2704 1726 2746 determi-

269 2785 403 2822 nante
441 2778 497 2820 ad
532 2791 686 2818 unum.
749 2776 942 2817 Rursum
985 2774 1224 2816 necessitas
1265 2773 1445 2827 physica
1488 2772 1543 2814 ad
1584 2787 1724 2814 unum

269 2848 569 2891 determinans
611 2845 777 2900 duplex
820 2849 899 2886 est.
961 2843 1074 2884 Nam
1116 2842 1173 2883 10,
1215 2842 1448 2896 provenire
1489 2846 1638 2897 potest
1674 2841 1724 2882 ab
