2025 3357
255 393 337 435 172
651 400 999 432 METAPHYSICA
1032 400 1321 431 GENERALIS.

312 531 406 571 236.
442 530 503 571 Ut
528 529 742 584 probetur
764 527 981 576 aeoidens,
1000 542 1054 569 ne
1073 543 1149 582 per
1164 528 1378 568 virtutem
1402 527 1581 581 quidem
1605 527 1713 569 divi-

251 615 367 649 nam,
391 614 414 640 a
437 599 700 646 sulmtantia,
720 599 790 638 eui
826 597 1090 638 naturaliter
1127 596 1327 645 inhaeret,
1350 601 1601 650 separatum
1625 597 1713 637 exi-

251 674 365 709 stere
402 682 541 722 posse,
567 667 808 707 intrinseca
837 664 1087 706 istiusmodi
1125 664 1374 705 existentiae
1416 665 1709 719 repugnantia

251 752 305 778 ex
328 736 557 791 principiis
581 734 873 775 rationalibus
896 739 939 774 et
963 733 1259 781 evidentibus,
1280 732 1555 773 ostendenda
1570 738 1710 782 esset3

251 807 398 860 Atqui
422 806 514 846 liaeo
549 804 791 844 intrinseca
824 802 1121 857 repugnantia
1153 800 1329 842 ostendi
1352 801 1521 854 nequit.
1585 802 1713 844 Eate-

250 889 334 915 nus
371 875 487 915 enim
531 871 837 927 separabilitas
874 870 1169 924 qumanndam
1208 870 1506 911 accidentium
1549 885 1573 911 a
1614 871 1713 912 sub—

250 944 415 984 stantia
453 945 734 997 repugnaret,
779 945 1002 993 quatenus
1052 938 1283 980 evidenter
1334 942 1707 994 &instaret—a)

250 1012 497 1053 realitatem
530 1010 827 1051 accidentium
859 1023 951 1049 esse
982 1008 1215 1062 ipsammet
1250 1007 1511 1048 substantiae
1540 1009 1713 1049 realita—

250 1085 353 1129 tem⁷
377 1081 533 1134 quoin
567 1093 671 1120 casu
708 1078 890 1119 evidens
924 1082 1039 1117 esset
1062 1075 1179 1117 idem
1202 1091 1225 1116 a
1263 1077 1406 1129 seipso
1442 1077 1619 1117 realiter
1650 1092 1711 1118 se-

247 1149 374 1204 jungi
392 1164 480 1189 non
500 1163 625 1203 posse
643 1164 651 1196 ;
668 1148 782 1201 —ZO
819 1153 897 1187 aut
919 1146 1225 1187 inhaerentiam
1251 1145 1471 1186 actualem
1495 1145 1549 1185 ad
1571 1146 1709 1200 ipsam

250 1217 492 1259 aeeidentis
515 1217 750 1258 essentiam
769 1216 990 1270 pertinere
1009 1231 1018 1263 ;
1053 1228 1141 1268 quo
1160 1214 1293 1255 etiam
1312 1215 1356 1254 in
1381 1228 1483 1254 casu
1508 1214 1709 1269 neganda

248 1286 363 1327 foret
400 1286 669 1340 possibilitas
702 1285 1005 1339 separationis,
1029 1283 1114 1323 nisi
1147 1297 1224 1336 per
1256 1281 1497 1322 absurdum
1533 1283 1711 1324 admitti

249 1356 358 1396 velit
399 1369 544 1396 rerum
589 1355 802 1395 essentias
845 1368 937 1394 esse
980 1352 1230 1393 mutabiles.
1312 1352 1457 1405 Atqui
1500 1356 1709 1393 neutrum

249 1430 448 1472 oonstat3
503 1424 621 1479 Ergo
664 1424 905 1464 intrinseca
957 1423 1078 1463 illius
1120 1421 1372 1463 existentiae
1414 1421 1709 1475 repugnantia

248 1494 423 1548 probari
450 1494 618 1547 nequit.
686 1492 794 1533 Haee
828 1492 985 1532 ultima
1016 1492 1160 1531 minor
1193 1505 1270 1545 per
1302 1494 1449 1544 partes
1481 1489 1709 1543 probanda

249 1568 328 1604 est.

308 1632 402 1673 237.
438 1632 493 1671 10.
528 1631 705 1672 Nemini
749 1630 961 1671 identitas
1004 1630 1080 1670 illa
1117 1628 1348 1670 evidenter
1388 1629 1705 1682 constat—a)

248 1700 357 1741 Eam
395 1715 517 1741 mens
556 1700 761 1754 colligere
800 1700 958 1753 nequit
996 1712 1140 1753 neque
1180 1713 1235 1739 ex
1278 1699 1531 1753 cognitione
1575 1712 1707 1752 quam

246 1769 459 1810 habemus
494 1769 547 1810 de
583 1773 741 1809 natura
777 1768 1066 1815 substantiae3
1100 1781 1245 1821 neque
1281 1781 1334 1808 ex
1371 1767 1624 1822 cognitione
1654 1766 1707 1808 de

246 1847 405 1878 natura
443 1838 850 1892 phaenomenorum.
928 1836 1027 1876 Non
1067 1850 1122 1877 ex
1164 1836 1320 1890 primo,
1344 1836 1449 1890 quia
1485 1835 1708 1890 quomodo

246 1906 509 1960 probaretur
542 1906 600 1955 id,
625 1921 712 1960 quo
745 1920 837 1946 sese
872 1920 1031 1959 eorpus
1065 1905 1268 1946 sensibus
1306 1904 1573 1954 manifestat,
1597 1905 1708 1946 nihil

247 1990 338 2017 esse
362 1976 578 2017 realitatis
611 1975 833 2015 distinetze
856 1989 877 2014 a
902 1974 1165 2023 substantia,
1190 1989 1323 2028 quain
1356 1975 1526 2016 ratione
1550 1975 1710 2016 intelli·

246 2046 391 2099 gimus
414 2050 465 2085 ut
496 2044 839 2085 fundamentum
868 2043 1292 2097 phaenmnenorum⁸?
1353 2043 1450 2084 Non
1477 2058 1531 2085 ex
1555 2045 1706 2086 altero.

247 2115 350 2167 quia
373 2114 583 2167 explicite
617 2119 661 2154 et
693 2112 946 2154 immediate
975 2112 1266 2166 phaenomena
1288 2127 1377 2152 non
1400 2112 1600 2166 proebent
1623 2114 1705 2153 nisi

246 2183 479 2236 semetipsa
501 2198 508 2231 ;
541 2196 629 2236 qua
656 2196 760 2236 ergo
787 2182 958 2222 ratione
982 2181 1074 2222 lizee
1097 2182 1275 2235 propria
1297 2181 1481 2222 destitui
1504 2181 1705 2222 realitate

246 2252 579 2291 assererentur?
640 2249 692 2290 Id
724 2249 833 2291 adeo
866 2250 1048 2304 planum
1081 2254 1161 2293 est,
1185 2254 1236 2290 ut
1268 2264 1318 2290 eo
1351 2250 1594 2290 abutantur
1617 2251 1708 2304 phi-

245 2319 417 2373 losophi
450 2318 629 2373 quidam
664 2318 719 2359 ad
742 2319 880 2373 ipsam
914 2318 1175 2359 substantite
1208 2319 1457 2359 realitatem
1491 2318 1708 2373 denegan-

246 2386 360 2435 dam,
403 2388 494 2427 sola
536 2387 927 2441 plizenomenorum
980 2387 1181 2427 realitate
1234 2392 1421 2434 retenta,
1460 2401 1557 2440 quie
1600 2387 1705 2440 ipsis

245 2455 498 2496 immediate
533 2461 577 2496 et
614 2456 825 2510 explicite
860 2455 1135 2496 obversatur.
1199 2454 1443 2495 Evidenter
1478 2470 1580 2509 ergo
1616 2470 1702 2495 non

247 2529 421 2565 constat
463 2525 711 2565 realitatem
760 2523 1021 2564 substantiae
1064 2527 1108 2563 et
1151 2522 1392 2563 accidentis
1435 2537 1526 2563 esse
1571 2537 1701 2564 unam

246 2592 545 2646 eamdemque.

304 2661 351 2715 b)
387 2660 507 2711 Quid
542 2660 674 2715 quod,
698 2660 778 2701 hae
812 2660 1048 2701 identitate
1083 2659 1284 2707 admissa,
1309 2659 1395 2699 diei
1429 2658 1610 2700 deberet
1632 2659 1702 2700 vel

246 2730 536 2770 mutationem
573 2729 734 2769 realem
768 2729 935 2768 nullam
968 2728 1099 2769 rebus
1134 2728 1416 2782 eontingere3
1461 2728 1533 2768 vel
1567 2732 1706 2767 muta-

246 2797 409 2838 tionem
450 2811 624 2837 omnem
667 2797 882 2849 respicere
920 2797 1057 2850 ipsam
1100 2795 1428 2836 substantiam?
1489 2795 1542 2835 Id
1579 2795 1702 2849 sequi

246 2870 382 2918 patet.
446 2865 591 2918 Atqui
614 2865 805 2918 primum
831 2865 1133 2917 experientiae,
1158 2864 1346 2904 alterum
1370 2864 1531 2903 rationi
1554 2864 1705 2903 adver-
