2025 3357
623 380 686 408 DE
718 380 938 409 HUMANA
970 380 1256 409 LIBERTATE.
1586 369 1667 410 321

206 507 452 556 intrinseco,
476 506 591 548 idest
625 506 679 547 ab
715 507 809 560 ipsa
834 507 1089 548 conditione
1114 503 1357 556 facultatis,¹
1378 520 1491 561 quae,
1515 521 1670 561 propo-

205 577 290 617 sito
313 577 463 630 aliquo
487 576 673 630 objecto,
698 577 944 616 necessario
969 590 1023 616 ex
1047 590 1090 616 se
1115 575 1171 615 ad
1193 575 1306 615 illud
1328 575 1666 624 determinatur,

205 646 314 699 quin
338 650 464 686 actus
486 645 625 698 possit
649 645 894 692 contineri3
930 644 985 683 20.
1010 645 1243 698 provenire
1267 648 1415 698 potest
1439 644 1488 683 ab
1512 645 1670 685 extrin-

205 728 292 754 seco
327 714 477 767 aliquo
500 713 718 767 principio
752 712 1077 753 determinante
1110 712 1291 766 physice
1326 712 1577 766 subjectum
1613 712 1667 753 ad

203 783 505 836 operationem
529 794 632 836 erga
656 781 895 835 objectum.
959 781 1078 821 Hinc
1103 796 1241 835 quum
1266 781 1434 835 duplex
1458 796 1550 822 esse
1574 796 1669 836 pos-

203 850 261 891 sit
292 851 550 890 immunitas
573 865 597 890 a
619 849 802 904 physica
835 851 1098 891 necessitate
1134 849 1475 898 determinante,
1499 850 1665 904 duplex

203 919 334 960 etiam
360 923 507 973 potest
531 933 623 960 esse
656 918 838 960 libertas
861 919 1070 973 physica3
1104 919 1274 959 scilicet
1310 919 1485 959 libertas·
1521 934 1544 958 α
1580 934 1668 959 eoa—

203 988 350 1037 ctione,
375 992 419 1029 et
451 987 626 1028 libertas
657 987 977 1043 2'ndzfferenrioe.
1041 987 1245 1028 Libertas
1280 1002 1304 1028 a
1339 988 1564 1029 coactione
1600 993 1666 1029 est

202 1057 461 1097 immunitas
495 1070 519 1097 a
552 1058 817 1098 necessitate
852 1058 1143 1111 proveniente
1175 1071 1197 1097 a
1228 1058 1444 1111 principio
1481 1064 1664 1098 externo

202 1125 527 1167 determinante
570 1125 626 1166 ad
668 1139 821 1174 unum,
861 1131 1015 1166 contra
1057 1126 1392 1167 inclinaticmem
1435 1131 1478 1167 et
1520 1127 1663 1167 nisum

202 1209 377 1236 omnem
410 1195 600 1249 subjecti
623 1194 930 1243 determinati3
966 1195 1147 1236 libertas
1172 1203 1320 1236 autem
1354 1195 1665 1236 indifferentiae

202 1269 269 1305 est
302 1265 561 1304 immunitas
583 1278 607 1304 a
629 1265 894 1305 necessitate
929 1265 1170 1305 intrinseca
1205 1264 1261 1304 ad
1293 1279 1431 1304 unum
1466 1265 1669 1306 determi—

201 1338 351 1374 nante.
414 1333 623 1374 Jamvero
642 1338 816 1374 constat
841 1333 953 1374 hanc
973 1333 1123 1374 deesse
1146 1348 1287 1387 posse.
1308 1335 1410 1375 licet
1434 1335 1508 1374 illa
1528 1334 1665 1383 adsit3

201 1403 372 1444 scilicet
403 1401 499 1443 fieri
533 1407 681 1456 potest
715 1406 765 1442 ut
800 1407 927 1443 actus
966 1402 1018 1443 ab
1052 1403 1294 1444 intrinseco
1329 1402 1665 1452 determinetur,

201 1472 311 1526 quin
334 1471 425 1512 ulla
447 1472 514 1513 vis
536 1471 719 1526 physica
742 1472 994 1513 extrinseca
1028 1471 1305 1513 adhibeatur.
1370 1473 1517 1523 Quare
1543 1473 1668 1514 liber-

201 1545 269 1581 tas
303 1540 356 1582 de
380 1555 469 1595 qua
503 1540 574 1582 hic
607 1541 767 1596 agitur,
791 1556 879 1582 non
916 1547 983 1582 est
1016 1542 1206 1591 moralis,
1230 1541 1306 1583 sed
1340 1541 1543 1596 physicen
1578 1557 1666 1582 non

201 1614 269 1651 est
290 1609 472 1651 libertas
495 1624 519 1651 a
542 1611 784 1659 coactione,
808 1610 886 1652 sed
909 1616 976 1652 est
998 1611 1179 1652 libertas
1203 1610 1528 1652 indifferentize.

258 1679 356 1720 427.
391 1678 701 1721 Indifferentia
736 1681 979 1735 generatim
1015 1679 1189 1721 definiri
1223 1681 1335 1721 solet
1368 1686 1393 1703 “
1407 1681 1666 1734 proprietas,

201 1762 290 1803 qua
312 1763 380 1790 res
403 1749 585 1803 perinde
610 1764 654 1790 se
688 1749 822 1790 habet
846 1749 902 1789 ad
936 1749 1104 1803 plurass'
1168 1745 1480 1790 Indifferentia
1503 1750 1666 1803 triplex

201 1822 293 1867 est3
327 1818 561 1873 objectiva,
587 1820 775 1873 passiva,
800 1819 959 1859 activa.
1026 1818 1262 1872 Objectiva
1297 1819 1501 1859 consistit.
1535 1819 1580 1858 in
1616 1833 1665 1860 eo

200 1885 322 1940 quod
344 1887 601 1928 intellectus
624 1887 848 1942 objectum
874 1886 1083 1928 exhibeat
1108 1891 1157 1927 ut
1186 1901 1275 1927 non
1298 1887 1544 1927 necessario
1569 1901 1669 1927 con-

200 1970 367 1997 nexum
391 1970 490 1997 oum
514 1961 617 1997 actu
640 1957 901 1997 voluntatis.
965 1955 1074 1996 Haeo
1098 1955 1399 1997 indifferentia
1422 1956 1666 2009 requiritur

200 2024 256 2066 ad
292 2025 545 2066 libertatem
582 2025 660 2067 sed
698 2040 787 2066 non
824 2024 1001 2067 sufficit.
1066 2025 1251 2079 Requiri
1290 2029 1439 2079 patet;
1487 2025 1592 2078 quia
1630 2026 1666 2065 si

199 2093 425 2149 objectum
447 2095 693 2145 necessario
718 2109 972 2135 connexum
1005 2098 1120 2135 esset
1153 2108 1253 2134 cnm
1277 2099 1380 2134 actu
1404 2094 1665 2139 voluntatis,

199 2177 250 2204 eo
287 2164 528 2218 proposito,
561 2168 687 2205 actus
722 2164 943 2205 contineri
974 2164 1196 2217 nequiret.
1259 2163 1323 2203 At
1360 2177 1450 2202 non
1488 2162 1664 2206 suflicit,

199 2232 305 2287 quia
327 2233 535 2274 voluntas
570 2247 625 2274 ex
660 2233 809 2287 aliquo
845 2233 1063 2287 principio
1101 2233 1370 2273 intrinsecus
1407 2246 1502 2272 eam
1537 2231 1668 2272 affici-

199 2305 301 2344 ente
336 2301 623 2343 determinari
656 2308 805 2357 posset
839 2302 894 2343 ad
930 2301 1171 2343 volendum
1209 2301 1392 2355 aliquod
1426 2301 1664 2355 objectum,

198 2371 304 2412 licet
326 2370 408 2412 hoc
430 2386 520 2412 non
543 2372 601 2412 sit
628 2386 728 2413 cum
751 2386 801 2413 ea
824 2372 1039 2413 volitione
1064 2371 1311 2412 necessario
1331 2384 1665 2411 connexum.--

199 2438 511 2481 Indifferentia
533 2441 710 2495 passiva
732 2441 923 2482 habetur
946 2455 1046 2481 cum
1065 2439 1256 2481 facultas
1275 2453 1328 2480 ex
1347 2454 1391 2480 se
1412 2454 1500 2480 non
1525 2440 1663 2494 magis

198 2522 336 2548 unum
373 2523 506 2563 quam
541 2510 678 2550 alium
713 2515 862 2551 actum
898 2509 1145 2550 necessario
1179 2509 1390 2563 postulat,
1414 2508 1490 2549 sed
1522 2523 1662 2548 unum

198 2577 271 2618 vel
303 2578 437 2618 alium
471 2580 665 2634 recipere
700 2584 861 2634 potest.
926 2579 1055 2620 Hanc
1088 2579 1221 2620 etiam
1253 2579 1419 2632 requiri
1452 2582 1575 2632 patet
1607 2577 1663 2618 ad

199 2645 466 2697 libertatem,
486 2649 591 2702 quia
612 2663 739 2690 secus
762 2648 952 2689 facultas
970 2652 1086 2689 esset
1107 2647 1161 2688 ad
1187 2662 1325 2688 unum
1345 2647 1661 2695 determinata3

199 2714 276 2757 sed
310 2729 399 2756 non
432 2715 633 2759 sufficere
667 2722 842 2758 constat
863 2732 919 2758 ex
943 2731 993 2758 eo
1026 2716 1161 2771 quod,
1186 2717 1289 2758 licet
1321 2716 1510 2757 facultas
1537 2730 1662 2769 {eque

200 2798 339 2824 unum
361 2798 412 2826 ac
434 2785 570 2826 alium
593 2790 740 2827 actum
766 2787 959 2840 recipere
983 2786 1028 2825 in
1051 2800 1096 2827 se
1120 2790 1280 2840 posset,
1300 2785 1353 2826 dc
1372 2785 1490 2825 facto
1515 2790 1663 2825 tamen

199 2852 379 2895 aliunde
403 2853 776 2897 determinaretur
797 2854 854 2896 ad
887 2868 1026 2895 unum
1058 2859 1208 2896 actum
1231 2868 1321 2909 pra}
1344 2855 1430 2894 alio
1454 2853 1664 2908 reeipien-
