2025 3357
523 371 588 401 DE
619 369 1043 400 SEPARABILITATE
1076 368 1377 399 ACCIDENTIS.
1598 356 1679 399 173

215 504 366 549 satur3
414 499 533 555 Ergo
570 497 784 540 identitas
822 497 896 538 illa
934 497 1112 538 admitti
1153 497 1325 550 nequit.
1390 496 1679 551 Experientia

216 569 331 610 enim
368 568 499 610 docet
531 582 623 608 rem
659 565 857 608 eamdem
894 581 1012 608 nunc
1048 580 1149 615 uno,
1173 571 1326 620 postea
1359 566 1444 606 alio
1477 564 1607 605 modo
1634 579 1678 605 se

215 637 402 686 habere3
455 635 659 691 quaedam
701 634 831 675 modo
875 649 982 681 esse,
1026 634 1156 675 modo
1199 633 1364 675 abesse.
1428 634 1519 675 Ista
1561 638 1678 675 certe

215 711 323 747 sunt
359 705 467 760 quid
505 705 646 751 reale3
685 703 790 757 quia
812 703 848 743 si
871 703 982 743 nihil
1006 708 1167 751 essent,
1191 703 1397 757 nequiret
1426 702 1579 743 eadem
1612 717 1680 743 res

215 775 345 816 aliter
379 788 427 814 ac
462 774 591 814 aliter
625 771 879 812 modificata
914 771 1042 813 nobis
1077 771 1315 812 obversari.
1379 771 1679 812 Mutationem

215 848 365 884 autem
396 843 443 882 in
473 843 613 896 ipsam
644 840 942 881 substantiam
975 840 1129 882 cadere
1165 855 1255 881 non
1279 855 1403 895 posse
1439 839 1680 881 adversarii

216 926 303 953 non
328 916 508 966 negant,
531 915 575 951 et
598 908 781 951 evidens
804 910 848 950 in
883 924 927 951 se
951 916 1040 958 est3
1073 910 1177 964 quia
1210 924 1350 959 secus,
1373 924 1451 964 pro
1476 909 1682 950 mutatio-

215 996 323 1022 num
346 980 619 1028 diversitate,
643 978 862 1020 diversam
888 980 1020 1020 etiam
1045 979 1341 1020 substantiam
1367 979 1641 1020 haberemus,

274 1051 318 1104 e)
354 1049 453 1090 Hoc
490 1047 606 1089 idem
644 1054 958 1103 argumentum
997 1049 1082 1089 alio
1119 1047 1250 1088 modo
1288 1053 1331 1089 et
1372 1048 1550 1089 brevius
1587 1062 1683 1103 pro-

213 1120 321 1174 poni
357 1120 420 1159 ita
456 1121 628 1172 potest:
693 1117 813 1157 Illud
855 1118 1034 1158 realiter
1071 1132 1093 1158 a
1131 1117 1332 1171 subjecto
1372 1117 1680 1171 distinguitur,

215 1187 338 1243 quod
374 1187 583 1228 advenire
621 1191 769 1240 potest
806 1187 877 1227 vel
920 1185 1162 1235 discedere,
1199 1186 1353 1228 eodem
1392 1192 1679 1241 permanente

215 1257 442 1312 subjecto3
480 1255 641 1310 Atqui,
671 1255 872 1310 subjecto
912 1255 1067 1297 eodem
1105 1263 1407 1309 permanente,
1435 1255 1681 1296 accidentia

215 1325 420 1380 quaedam
457 1324 667 1366 advenire
705 1329 894 1379 possunt
930 1325 1001 1365 vel
1040 1316 1316 1373 discedere,
1342 1324 1460 1379 Ergo
1499 1324 1592 1365 haec
1627 1324 1680 1365 ab

214 1395 291 1435 illo
324 1394 503 1436 realiter
530 1393 1089 1448 distinguuntur.—Ergo
1112 1394 1410 1448 repugnantia
1433 1393 1683 1447 separabili-

215 1462 321 1503 tatis
351 1459 645 1516 quorumdam
681 1459 982 1502 accidentium
1006 1475 1030 1501 a
1052 1460 1305 1501 substantia
1339 1475 1394 1502 ex
1428 1461 1568 1514 primo
1604 1460 1680 1501 illo

215 1532 359 1586 capite
383 1530 543 1572 deduci
573 1530 742 1584 nequit.

275 1600 370 1641 238.
405 1600 460 1641 20.
494 1600 559 1640 At
595 1614 740 1654 neque
779 1614 834 1641 ex
872 1599 972 1648 alio,
1006 1601 1177 1642 scilicet
1215 1600 1268 1641 ab
1307 1600 1401 1654 ipsa
1439 1598 1682 1641 accidentis

215 1670 420 1712 essentia.
484 1669 696 1710 Fatemur
727 1670 942 1710 essentias
975 1670 1275 1710 immutabiles
1303 1683 1422 1716 esse3
1455 1668 1532 1709 sed
1555 1683 1683 1723 nega-

215 1754 314 1781 mus
336 1739 557 1781 actualem
580 1753 660 1779 suo
679 1738 880 1793 subjecto
904 1738 1227 1785 inliaerentiam,
1247 1738 1484 1780 essentiam
1508 1737 1681 1792 ingredi

215 1807 472 1857 accidentis,
496 1812 547 1848 ut
579 1807 784 1849 accidens
817 1812 898 1849 est.
962 1808 1014 1848 In
1050 1808 1130 1850 hac
1153 1823 1198 1850 re
1223 1807 1311 1848 duo
1334 1813 1439 1848 sunt
1467 1807 1684 1862 distingu-

216 1878 354 1921 enda:
389 1878 603 1931 exiyents‘a
636 1877 892 1919 inhaesionis
915 1884 960 1919 et
984 1878 1218 1919 actualitas
1247 1877 1516 1918 inhaesionis.
1581 1877 1683 1917 Exi-

214 1949 367 2005 gentia
400 1949 656 1990 inhaesionis
690 1948 745 1989 ad
784 1949 924 2003 ipsam
962 1953 1170 1989 naturam
1207 1947 1449 1989 accidentis
1473 1947 1680 2001 pertinet,

215 2019 380 2074 quippe
414 2019 534 2074 quod
568 2033 657 2059 non
690 2017 825 2060 habet
857 2019 902 2058 in
926 2032 970 2059 se
996 2018 1091 2072 ipso
1115 2017 1233 2059 unde
1266 2022 1570 2065 sustentetur3
1604 2016 1681 2057 sed

216 2087 339 2144 quod
360 2087 566 2130 accidens
588 2089 651 2129 ita
673 2088 916 2129 sustentari
940 2087 1102 2129 debeat
1124 2101 1148 2128 a
1170 2101 1250 2128 suo
1275 2086 1489 2139 subjecto,
1516 2091 1564 2126 ut
1598 2086 1681 2126 ista

215 2158 484 2200 sustentatio
508 2172 533 2198 a
555 2158 680 2198 nullo
703 2158 789 2198 alio
813 2158 953 2212 possit
984 2157 1196 2212 suppleri,
1220 2155 1443 2210 quomodo
1467 2155 1681 2209 probatur

215 2226 271 2268 ad
308 2227 448 2282 ipsam
485 2225 729 2268 accidentis
767 2226 1005 2267 essentiam
1046 2224 1299 2280 pertinere?
1361 2223 1575 2265 Naturale
1614 2228 1680 2264 est

215 2296 299 2351 ipsi
321 2300 372 2336 ut
394 2310 473 2337 suo
497 2296 699 2351 subjecto
731 2296 863 2343 insit3
896 2294 974 2337 sed
1006 2294 1230 2349 quomodo
1253 2293 1468 2349 probatur
1491 2293 1535 2333 id
1559 2293 1679 2347 quod

214 2365 479 2414 substantia,
503 2370 554 2405 ut
587 2378 718 2405 causa
750 2364 959 2413 secunda,
984 2363 1158 2405 confert
1181 2362 1237 2404 ad
1269 2377 1361 2404 esse
1386 2368 1429 2404 et
1453 2377 1682 2403 conserva-

216 2434 383 2475 tionem
422 2433 679 2481 aoeidentis,
712 2433 905 2488 idipsum
943 2448 967 2474 a
1006 2433 1115 2481 Deo,
1150 2438 1201 2473 ut
1238 2446 1369 2473 causa
1404 2432 1557 2485 prima,
1591 2446 1677 2470 non

216 2517 320 2544 sane
343 2517 421 2557 per
442 2502 623 2543 modum
648 2503 957 2544 sustentantis.
982 2501 1059 2543 sed
1081 2516 1159 2556 per
1182 2500 1362 2541 modum
1387 2514 1528 2541 causae
1553 2499 1683 2540 effici-

216 2573 345 2621 entis,
368 2573 566 2627 suppleri
600 2587 690 2613 non
725 2573 884 2627 posse?
947 2572 997 2612 In
1034 2586 1137 2626 quo,
1162 2585 1326 2625 quzeso,
1351 2570 1395 2611 id
1431 2570 1682 2623 repugnat?

217 2641 443 2696 quodnam
481 2646 549 2683 est
585 2642 770 2682 rationis
807 2641 1090 2696 principium,
1115 2641 1187 2681 cui
1225 2640 1499 2694 ols›p‹‘›11itur'?
1562 2638 1678 2678 Num

217 2709 338 2764 quod
361 2709 565 2752 accidens
597 2711 642 2751 in
675 2710 969 2752 substantiam
1007 2710 1287 2750 mutaretur?
1350 2708 1402 2748 Id
1436 2713 1529 2748 tum
1555 2707 1682 2747 liabe-

218 2784 353 2827 retur,
379 2793 477 2820 cum
514 2779 718 2820 accidens
753 2780 797 2819 in
822 2794 872 2820 eo
896 2784 1015 2819 statu
1042 2779 1405 2825 constitueretur,
1430 2782 1480 2816 ut
1512 2782 1682 2816 susten-

218 2849 433 2888 tationem
471 2862 561 2888 suae
597 2848 847 2889 existentiae
887 2855 929 2888 et
969 2847 1320 2887 conservationis
1359 2860 1446 2885 non
1486 2843 1679 2892 aliunde,
