2025 3357
661 395 724 424 DE
757 394 964 424 NATURA
996 395 1277 424 SENTIENTE.
1622 385 1701 425 241

233 523 441 577 provenit
464 537 518 564 ex
541 537 591 564 eo
616 522 737 576 qnod
761 522 867 562 dum
891 523 1097 563 animalia
1131 522 1425 564 sensibilitate
1460 522 1700 568 donentur,

234 592 315 633 bac
348 592 570 647 vegetalia
602 592 782 632 omnino
816 591 1137 632 destituantur.
1203 591 1323 642 Quid
1346 593 1402 632 sit
1433 592 1702 633 sensibilitas

233 661 277 701 in
313 660 477 715 Logica
510 660 705 700 diximus
732 661 800 713 (n.
835 659 943 713 112)
970 665 1013 700 et
1046 660 1188 701 fusius
1222 662 1264 701 in
1302 660 1598 716 Psyclwhigia
1631 676 1703 702 ex-

232 729 503 784 pendemus3
527 729 597 769 hic
622 733 797 769 tantum
821 728 1100 782 pr‹3›bandum
1126 734 1191 770 est
1215 743 1264 770 ea
1288 730 1494 770 animalia
1519 730 1698 784 pollere.

234 798 286 838 Id
318 799 500 853 negavit
535 797 775 845 Cartesius,
809 798 1016 838 animalia
1059 813 1177 839 mera
1220 804 1447 839 automata
1480 812 1573 839 esse
1606 812 1701 852 pro-

232 868 458 914 nuntians,
482 881 559 907 seu
583 866 808 906 machinas
832 865 996 907 affabre
1022 872 1313 915 constructas,
1339 882 1527 921 quarum
1552 873 1699 908 motus

231 936 405 991 legibus
438 935 706 976 mechanicis
742 940 1061 989 temperantur.
1126 935 1299 990 Dogma
1332 936 1415 976 hoc
1457 936 1566 977 adeo
1605 936 1698 990 ejus

231 1006 407 1046 asseclis
440 1005 621 1058 placuit,
646 1008 696 1044 ut
726 1004 804 1058 qui
835 1004 946 1044 illud
981 1019 1068 1045 non
1102 1010 1418 1060 prcqnignaret,
1443 1020 1574 1046 verus
1599 1005 1701 1046 Car-

230 1075 330 1115 tesii
353 1073 598 1127 discipulus
621 1074 773 1114 haberi
797 1088 886 1113 non
910 1080 1071 1128 posset.
1136 1074 1365 1115 Doctrinae
1392 1074 1525 1129 hujus
1548 1080 1697 1116 tamen

231 1142 458 1184 Cartesius
482 1157 569 1183 non
594 1141 683 1182 fuit
705 1143 1166 1184 inventor—veteres
1189 1143 1361 1184 fabulas
1385 1144 1570 1184 recoxit.

289 1212 386 1253 335.
429 1212 723 1253 Probationes
760 1211 816 1252 ad
855 1210 1045 1253 Cartesii
1082 1214 1335 1266 opinionem
1376 1212 1698 1253 confutandam

230 1286 407 1322 tantum
425 1283 677 1322 innuemus.
724 1280 937 1332 Quare—
951 1282 1002 1334 α)
1024 1281 1117 1322 liaec
1137 1282 1286 1335 opinio
1305 1283 1455 1322 sensui
1473 1283 1698 1322 communi

230 1350 525 1398 contradicim
560 1351 784 1391 nerninem
805 1350 936 1399 enim,
954 1350 1024 1391 vel
1049 1349 1373 1397 Cartesianuni,
1397 1351 1597 1391 invenies
1621 1352 1699 1405 qui

229 1420 340 1461 serio
378 1424 509 1474 putet
546 1419 673 1474 signa
707 1419 855 1459 omnia
887 1419 1005 1468 vitae,
1039 1433 1138 1473 quae
1172 1420 1379 1459 animalia
1418 1424 1507 1459 tani
1545 1421 1698 1461 multis

228 1494 410 1543 tamque
429 1489 563 1528 variis
583 1487 725 1528 modis
744 1488 958 1542 praebent,
979 1502 1067 1528 non
1091 1487 1266 1529 differre
1291 1488 1344 1528 ab
1363 1489 1581 1543 lmrologii
1600 1504 1640 1529 v.
1656 1504 1697 1544 g.

229 1557 564 1611 motibus—b)
601 1557 744 1597 Bruta
771 1557 928 1598 saltem
961 1556 1225 1611 perfectiora
1252 1557 1419 1598 liabent
1442 1572 1606 1612 organa
1629 1572 1701 1599 ex—

228 1632 356 1668 terna
379 1633 423 1667 et
445 1627 623 1667 interna
651 1626 814 1667 nostris
836 1626 1010 1675 similia,
1029 1626 1273 1680 eodemque
1295 1626 1422 1667 inodo
1441 1628 1701 1667 sensationi-

228 1695 310 1736 bus
348 1694 562 1736 habendis
599 1700 829 1749 coaptata3
863 1709 962 1750 quae
998 1696 1175 1735 inutilia
1211 1700 1329 1736 certe
1365 1700 1526 1744 essent,
1550 1697 1585 1736 si
1613 1697 1701 1736 ani-

228 1766 359 1805 malia
382 1765 595 1819 potentiis
618 1765 670 1805 iis
694 1764 1068 1818 respondentibus
1093 1764 1460 1805 destituerentur.
1509 1765 1699 1806 Accedit

228 1833 350 1888 quod
373 1833 537 1875 eaedem
561 1834 779 1874 motiones
798 1833 853 1874 ob
877 1833 1049 1875 easdem
1077 1848 1230 1874 causas
1252 1834 1297 1873 in
1320 1834 1407 1874 illis
1430 1848 1479 1874 ac
1503 1835 1548 1874 in
1572 1835 1698 1875 nobis

227 1902 482 1956 fiunt—e)
514 1902 706 1943 Demum
730 1903 877 1943 onmia
895 1902 1140 1944 ostendunt
1164 1904 1412 1945 belluarum
1438 1910 1585 1945 motus
1609 1920 1694 1945 non

227 1986 320 2013 esse
346 1972 650 2019 mechanicos3
679 1968 905 2026 ‘siquidem
941 1972 1029 2013 illae
1059 1986 1083 2012 a
1111 1974 1261 2027 quiete
1297 1965 1352 2013 ad
1390 1978 1561 2013 motum
1596 1978 1640 2014 et
1675 1988 1698 2014 a

226 2046 352 2082 motu
385 2041 440 2082 ad
474 2042 671 2095 quietem
706 2054 821 2095 saepe
859 2046 1107 2090 transeunt,
1142 2042 1371 2097 ipsamque
1405 2048 1552 2083 motus
1589 2042 1700 2083 dire-

227 2111 420 2151 ctionem
438 2114 630 2159 mutant,
646 2111 751 2151 lieet
770 2124 913 2151 causae
931 2111 1193 2152 extrinsecae
1213 2111 1379 2152 eaedem
1397 2119 1696 2165 perseverent.

226 2179 277 2220 Id
302 2185 450 2220 autem
487 2194 576 2220 non
611 2179 802 2221 habetur
836 2180 881 2220 in
918 2180 1114 2221 motibus
1141 2181 1422 2228 mechanicis,
1446 2182 1521 2235 qui
1547 2195 1699 2221 secun-

226 2248 333 2289 dum
357 2254 499 2290 certas
522 2249 817 2303 immotasque
842 2250 962 2305 leges
994 2255 1285 2304 peraguntur,
1310 2249 1533 2303 iidemque
1557 2264 1699 2304 perse-

225 2323 385 2359 verant
402 2318 487 2358 nisi
504 2318 558 2359 ab
577 2308 787 2359 exteriori
803 2318 996 2373 quadam
1014 2332 1145 2359 causa
1161 2318 1465 2358 cohibeantur.
1479 2344 1533 2348 —
1547 2318 1694 2369 Quare

225 2387 389 2427 animal
426 2386 602 2428 definiri
645 2391 819 2441 potest:
868 2387 1155 2428 “substantia
1187 2388 1395 2442 organica
1427 2402 1559 2429 sensu
1592 2402 1698 2441 pra*—

226 2455 362 2496 dita.'’
498 2449 501 2451 ’

285 2523 381 2565 336.
415 2523 462 2565 Si
495 2525 704 2566 animalia
737 2539 871 2567 sensu
908 2524 1095 2580 praedita
1132 2530 1252 2572 sunt,
1276 2526 1568 2579 altioremque
1608 2540 1694 2579 prae

224 2593 504 2648 vegetalibus
545 2593 732 2649 gradum
771 2594 876 2635 vitae
918 2594 1165 2649 attingunt,
1202 2594 1470 2648 principium
1514 2593 1693 2647 aliquod

226 2661 362 2703 vitale
386 2663 526 2717 magis
558 2661 807 2718 perfectum
839 2663 892 2704 iis
922 2663 1029 2703 insit
1051 2667 1241 2716 oportet.
1306 2662 1403 2703 Hoc
1427 2663 1691 2716 Itu-incipiuni

226 2731 374 2771 vocari
412 2731 525 2771 solet
562 2732 709 2772 anima
747 2732 985 2779 sensitiva3
1033 2745 1131 2785 quae
1175 2731 1229 2771 ob
1272 2731 1446 2773 easdem
1486 2732 1691 2779 rationes,

225 2813 336 2853 quas
370 2804 502 2840 antea
536 2799 738 2841 dedimus
773 2805 955 2855 agentes
990 2798 1042 2840 de
1080 2800 1370 2854 vegetalilms.
1395 2811 1460 2841 est
1497 2800 1690 2853 ipsorum

226 2866 367 2909 forma
389 2867 710 2908 substantialis.
765 2867 944 2909 Eaedein
967 2868 1161 2909 rationes
1184 2869 1311 2908 simul
1338 2868 1528 2922 probant
1553 2882 1691 2908 unum
