2025 3357
323 414 375 454 30
777 423 966 453 LOGICAE
998 423 1123 453 PARS
1155 422 1327 452 PRIMA.

324 566 417 592 rum
463 565 651 605 quaeque
694 551 843 604 plures
885 549 967 590 sub
1009 563 1053 590 se
1092 550 1293 591 continet
1334 548 1514 603 species.
1596 546 1783 589 Omissis

325 620 509 665 caeteris,
533 633 632 673 quae
655 619 727 659 vel
763 619 850 673 jam
888 618 1094 658 indicatae
1126 617 1249 659 fuere
1273 617 1343 658 vel
1376 617 1504 658 facile
1527 616 1786 671 intelligun-

326 695 411 737 tur,
448 688 589 742 prima
631 686 781 728 classis
819 687 1131 740 complectitur
1172 685 1496 739 propositiones
1537 684 1784 740 simpliee8‚·

325 757 463 797 altera
487 761 630 810 aperte
654 755 938 810 eompositas;
970 755 1102 795 tertia
1135 755 1460 808 propositiones
1495 753 1784 809 exponibile8;

326 830 485 878 quarta
508 824 705 863 modales.

385 892 450 932 38.
485 891 818 945 Propositiones
840 904 940 944 quae
964 891 1094 931 unico
1117 891 1317 946 subjecto
1351 896 1484 945 atque
1517 891 1649 932 unico
1681 904 1787 944 prae-

301 961 472 1002 -dicato
507 966 715 1001 constant
746 959 960 1000 dicuntur
992 960 1235 1015 simplice-s,-
1268 974 1366 1014 quae
1399 959 1602 1014 pluribus
1632 974 1788 1014 compo-

328 1029 430 1069 sitce.
494 1027 837 1069 Advertenclum
866 1033 933 1068 est
966 1027 1178 1082 quasdam
1202 1027 1345 1069 videri
1378 1029 1657 1082 compositas,
1680 1026 1784 1067 (111111

327 1111 478 1151 reapse
521 1097 743 1150 simplices
794 1100 913 1136 sunt.
997 1095 1321 1150 Propositionis
1363 1097 1480 1138 enim
1526 1095 1787 1149 simplicitas

328 1164 562 1220 dijudicari
599 1178 688 1204 non
726 1162 860 1204 debet
891 1178 946 1204 ex
983 1165 1157 1206 unitate
1190 1165 1521 1213 vocabulorum,
1544 1178 1699 1205 verum
1733 1177 1786 1204 ex

333 1235 502 1275 unitate
535 1232 725 1287 subjecti
758 1246 807 1272 ac
839 1232 1081 1286 praedicati.
1146 1233 1261 1275 Sunt
1299 1248 1428 1289 porro
1466 1233 1789 1288 propositiones

329 1302 546 1356 quaedam,
570 1315 758 1355 quarum
791 1301 973 1355 quidem
1006 1303 1187 1343 unicum
1210 1307 1277 1344 est
1299 1302 1547 1357 subjectum
1572 1306 1616 1342 et
1637 1300 1791 1355 praedi·

330 1376 493 1419 catum,
527 1369 817 1410 nihilominus
850 1371 1117 1412 alterutrum
1149 1372 1220 1413 vel
1259 1378 1500 1424 utrumque
1535 1370 1642 1410 alias
1680 1384 1792 1410 com—

329 1440 543 1495 plectitur
580 1442 931 1490 enunciationes,
968 1456 1078 1496 quas
1116 1441 1350 1481 incidentes
1388 1445 1562 1487 vocant,
1601 1452 1790 1493 quaeque

331 1510 425 1564 ejus
447 1514 596 1563 partes
624 1510 781 1551 merito
817 1515 1068 1551 censentur.
1131 1509 1199 1551 Sit
1236 1510 1319 1550 hoc
1342 1509 1622 1563 exemplum:
1657 1507 1791 1555 Deus,

332 1579 406 1635 qui
431 1586 492 1620 est
524 1579 766 1624 invisibilis,
791 1580 948 1620 creavit
983 1580 1190 1620 mundum
1223 1580 1296 1634 qui
1331 1585 1392 1619 est
1425 1578 1618 1618 visibilis.
1683 1577 1791 1618 Haec

330 1648 575 1702 composita
608 1647 811 1696 videtum
858 1648 1047 1702 simplex
1085 1654 1233 1690 tamen
1271 1653 1351 1692 est,
1389 1661 1486 1688 cum
1527 1647 1629 1687 huic
1666 1646 1789 1687 alteri

330 1717 627 1771 aequix‘aleat:
692 1716 812 1757 Deus
856 1717 1084 1757 invisibilis
1130 1718 1287 1757 creavit
1331 1717 1537 1757 mundum
1577 1715 1793 1755 visibilem.

332 1785 583 1831 Dialectici,
613 1800 702 1840 quo
735 1786 891 1840 majori
923 1786 1158 1827 consulant
1191 1786 1396 1833 claritati,
1420 1783 1673 1839 hujusmodi
1700 1798 1796 1838 pro-

332 1856 575 1912 positiones
605 1860 768 1896 vocant
812 1856 1034 1909 simplices
1068 1856 1334 1910 eomplexas;
1377 1855 1484 1895 alias
1517 1859 1665 1895 autem
1698 1854 1795 1894 sim-

333 1926 470 1980 plices
492 1924 791 1979 ineomplexas.
854 1923 920 1965 De
955 1923 1231 1978 simplicibus
1268 1922 1646 1977 propositionibus
1684 1921 1793 1961 nihil

333 1993 455 2035 aliud
479 1997 637 2033 notatu
660 1992 842 2048 dignum
868 1993 1074 2033 occurrit.

393 2062 460 2103 39.
495 2061 829 2116 Propositiones
867 2075 966 2115 quae
1003 2061 1206 2115 pluribus
1239 2064 1446 2101 constant
1481 2052 1692 2114 subjectis
1725 2059 1794 2099 vel

334 2130 538 2186 pluribus
590 2130 854 2184 praedicatis,
900 2130 972 2171 vel
1027 2130 1225 2183 utrisque
1268 2129 1480 2170 dicuntur
1527 2128 1794 2182 compositae.

336 2200 405 2241 Ex
428 2199 519 2242 his:

395 2270 446 2322 α)
481 2270 577 2310 aliae
611 2274 716 2309 sunt
749 2268 1013 2323 copulativae,
1045 2267 1090 2307 in
1123 2266 1286 2320 quibus
1323 2267 1451 2320 plura
1487 2265 1687 2320 subjecta
1723 2265 1793 2305 vel

337 2337 575 2392 praedicata
597 2337 817 2392 particula
840 2335 1031 2390 quadam
1056 2336 1127 2376 vel
1151 2335 1500 2389 conjunguntur,
1518 2335 1589 2375 vel
1611 2333 1665 2374 ab
1687 2334 1797 2374 invi-

338 2420 429 2446 cem
450 2411 736 2459 separantur:
771 2419 811 2445 v.
829 2419 870 2459 g.
898 2403 996 2445 Vita
1019 2410 1058 2444 et
1081 2418 1193 2444 mors
1216 2418 1240 2443 α
1264 2402 1355 2443 Deo
1371 2402 1636 2458 proveniunt
1648 2416 1666 2449 ‚·
1697 2402 1792 2442 vel:

337 2489 471 2529 neque
504 2475 756 2530 voluptates,
787 2467 920 2528 neque
955 2472 1131 2513 honores
1157 2479 1343 2528 possunt
1376 2472 1554 2512 reddere
1588 2470 1794 2511 hominem

339 2543 518 2584 beatum.
591 2543 654 2584 Ut
687 2556 801 2583 verae
838 2542 1162 2596 propositiones
1199 2541 1294 2582 istae
1329 2541 1432 2589 sint,
1465 2540 1707 2594 requiritur
1743 2543 1793 2578 ut

338 2617 486 2666 partes
509 2626 674 2658 omnes,
699 2611 862 2665 quibus
886 2615 1108 2659 constant,
1131 2611 1319 2651 veritate
1342 2609 1580 2665 gaudeant.

397 2681 444 2735 b)
470 2681 565 2721 aliae
598 2685 704 2720 sunt
737 2678 1019 2731 disjzmetivoe,
1043 2693 1104 2720 eae
1136 2679 1344 2719 nimirum
1379 2692 1567 2733 quarum
1600 2676 1795 2718 membra

339 2763 416 2803 per
449 2746 662 2802 quasdam
700 2747 940 2800 particulas
984 2746 1292 2801 disjungentes
1333 2752 1641 2787 secernuntur.
1704 2744 1796 2784 Hu-

339 2815 531 2872 J'usmodi
548 2819 653 2856 sunt
671 2815 766 2855 istae
782 2830 790 2854 :
825 2815 1009 2870 imperat
1026 2820 1102 2854 aut
1115 2814 1243 2854 servit
1260 2814 1602 2869 rezqz'wapeeunia
1617 2813 1764 2868 cuique
1778 2826 1795 2859 ,·

341 2891 415 2925 aut
438 2885 498 2925 sol
529 2884 641 2925 eirea
673 2884 877 2931 tellurem,
901 2889 976 2922 aut
1010 2883 1134 2923 tellus
1157 2882 1268 2922 eirea
1297 2883 1419 2922 solem
1450 2888 1646 2922 movetur.
1710 2880 1798 2921 Ha-
