2025 3357
652 407 716 435 DE
749 406 965 436 UXITATE
996 407 1199 437 ENTmM.
1574 397 1656 437 149

191 538 259 575 est
291 539 537 576 concretus.
602 533 700 574 Hoc
734 538 883 575 autem
915 535 1009 588 ipso
1043 534 1164 588 quod
1196 549 1408 576 numerus
1431 536 1488 575 sit
1512 535 1657 575 multi-

191 602 301 643 tudo
325 607 580 645 mensurata
602 617 680 656 per
712 616 865 650 unum,
888 607 1013 656 patet
1046 617 1147 644 eum
1179 603 1403 643 infinitum
1439 618 1531 645 esse
1565 618 1652 643 non

190 685 332 725 posse,
356 676 451 712 tum
475 672 580 726 quia
610 671 663 711 ab
688 671 861 712 unitate
886 671 1142 719 exorditur-3
1177 676 1269 711 tum
1295 673 1429 713 etiam
1452 673 1557 727 quia
1581 687 1657 726 per

192 741 451 781 continuam
474 739 747 780 additionem
771 754 965 781 crescere
988 746 1149 794 potest.

249 808 346 850 197.
391 808 611 850 Subtilem
653 808 724 849 hic
767 809 1060 862 quaestionem
1105 810 1338 865 attingunt
1389 810 1655 865 philosophi,

191 877 297 918 dum
335 878 574 932 inquirunt
610 876 836 931 quodnam
876 877 934 917 sit
974 877 1337 919 imlividuatlonis
1368 879 1654 934 principimn.

193 946 291 987 Hoc
323 947 502 987 nomine
535 951 698 987 vocant
731 945 777 986 id
809 945 931 1000 quod
964 945 1100 987 efficit
1138 953 1189 987 ut
1227 947 1459 988 individua
1501 948 1655 989 similis

191 1020 362 1056 naturae
386 1016 504 1056 inter
526 1029 569 1056 se
594 1014 958 1069 distinguantur3
992 1015 1123 1056 debet
1148 1017 1265 1056 enim
1300 1016 1471 1071 aliquid
1494 1032 1586 1058 esse
1610 1018 1654 1057 in

190 1099 461 1139 unaquaque
485 1099 544 1133 re,
567 1098 644 1138 per
667 1083 788 1138 quod
811 1098 950 1124 unum
975 1098 1062 1124 non
1088 1089 1153 1125 est
1177 1085 1381 1125 alterum.
1446 1086 1537 1126 Alii
1569 1087 1654 1126 alio

190 1153 320 1194 modo
353 1153 640 1207 respondent.
703 1152 843 1193 Nobis
866 1154 1013 1193 verior
1036 1153 1215 1194 videtur
1238 1156 1461 1195 sententia
1488 1170 1653 1197 eorum.

190 1224 267 1278 qui
291 1227 495 1264 asserunt
527 1222 795 1276 principium
828 1221 1199 1263 individuationis
1223 1237 1315 1264 esse
1340 1224 1572 1277 ipsammet
1595 1239 1658 1266 re-

189 1292 387 1333 alitatem
423 1305 511 1345 qua
543 1290 753 1345 quodque
787 1306 865 1332 ens
899 1292 1202 1331 constituitur.
1267 1291 1383 1342 Quia
1421 1294 1456 1333 si
1489 1308 1556 1334 res
1589 1303 1653 1334 est

189 1375 279 1402 una
314 1374 514 1409 numero,
537 1365 604 1402 est
638 1365 755 1401 certe
789 1361 890 1401 talis
922 1374 1001 1414 per
1033 1360 1145 1400 illud
1178 1362 1322 1415 ipsum
1345 1376 1422 1415 per
1445 1362 1566 1416 quod
1589 1373 1652 1403 est

189 1445 268 1472 ens
290 1435 408 1479 actu‚
431 1435 475 1471 et
506 1430 550 1470 in
585 1429 768 1484 physico
793 1444 939 1470 rerum
963 1429 1116 1471 ordine
1143 1431 1446 1470 constituitur.
1509 1431 1652 1485 Atqui

189 1501 332 1541 omnis
364 1514 433 1542 res
465 1503 533 1541 est
565 1513 642 1540 ens
675 1504 776 1540 actu
802 1503 845 1540 et
872 1499 917 1539 in
941 1499 1124 1553 physico
1148 1514 1296 1540 rerum
1319 1499 1473 1541 ordine
1498 1502 1657 1542 consti-

188 1571 334 1611 tuitur
355 1584 434 1624 per
455 1583 581 1610 suam
604 1570 744 1623 ipsam
772 1569 1034 1610 realitatem.
1100 1569 1219 1624 Ergo
1239 1583 1319 1624 per
1341 1569 1454 1610 hanc
1478 1575 1545 1611 est
1567 1585 1652 1611 una

188 1653 373 1681 numero
401 1639 481 1694 (cf.
506 1638 710 1691 Suarez).
1239 1629 1243 1634 ⁴

247 1708 345 1749 198.
380 1708 493 1749 Cum
536 1709 724 1748 unitatis
767 1717 810 1749 et
854 1707 1160 1748 multitudinis
1203 1708 1493 1763 conceptibus
1535 1717 1654 1750 arcte

190 1782 522 1819 connectuntur
544 1782 787 1831 conceptus
810 1776 1061 1818 identitatis
1084 1782 1129 1818 et
1151 1776 1467 1819 distinctionis.
1529 1778 1657 1819 Iden-

190 1848 293 1888 tz‘tas
317 1847 614 1888 communiter
636 1861 729 1887 esse
760 1846 926 1887 dicitur
950 1853 973 1870 ‘⁵
989 1847 1301 1888 convenientia
1325 1848 1386 1888 rei
1411 1848 1482 1888 vel
1505 1862 1653 1888 secum

188 1917 295 1971 ipsa,
319 1917 390 1958 vel
423 1930 520 1957 cum
556 1916 640 1956 alia
673 1920 751 1956 aut
789 1916 885 1956 aliis
918 1930 941 1956 a
973 1930 1018 1956 se
1051 1915 1318 1957 distinctis.”
1382 1915 1427 1957 Si
1462 1918 1651 1970 primum

189 1985 377 2033 obtinet,
400 1984 612 2025 identitas
645 1989 711 2025 est
745 1984 912 2037 loffl'ca;
945 1984 980 2024 si
1013 1984 1217 2033 alterum,
1243 1985 1386 2025 reali-s.
1451 1985 1653 2039 Utraque

189 2053 299 2095 dicit
327 2053 547 2094 unitatem
571 2053 614 2092 in
639 2053 911 2107 pluralitate,
935 2066 1035 2093 cum
1059 2067 1109 2094 eo
1133 2052 1386 2109 discrimine
1411 2053 1530 2107 quod
1554 2068 1653 2094 cum

189 2121 402 2164 identitas
436 2126 503 2162 est
524 2121 682 2176 logica,
705 2122 855 2162 unitas
885 2122 1049 2162 existat
1072 2122 1117 2161 in
1144 2122 1235 2175 ipsa
1260 2136 1320 2164 re.
1344 2123 1575 2176 pluralitas
1608 2123 1651 2162 in

190 2196 411 2245 conceptu
445 2195 649 2239 tantum3
694 2190 801 2231 dum
825 2205 846 2231 e
875 2195 1029 2231 contra
1061 2190 1274 2231 identitas
1307 2192 1435 2232 realis
1458 2191 1653 2245 preebeat

189 2261 416 2315 physicam
453 2274 600 2301 rerum
636 2260 1018 2314 multiplicitatem
1050 2274 1149 2300 cum
1190 2265 1432 2314 conceptus
1465 2262 1651 2301 unitate.

191 2330 340 2380 Quare
364 2330 409 2369 in
431 2329 568 2383 priori
600 2328 814 2370 habemus
837 2343 928 2370 rem
958 2343 1093 2369 unam
1117 2328 1407 2383 eamdemque
1431 2336 1653 2384 quatenus

190 2413 268 2453 per
296 2399 446 2453 plures
479 2403 722 2452 conceptus
752 2402 1124 2452 repraesentatur3
1158 2398 1203 2437 in
1236 2399 1470 2451 posteriori
1504 2413 1655 2439 conce-

191 2472 317 2521 ptum
350 2481 489 2507 unum
523 2466 738 2507 habemus
781 2471 1004 2521 quatenus
1047 2467 1196 2521 plures
1239 2482 1306 2507 res
1350 2473 1650 2521 rcpraesentat.

193 2536 311 2577 Hinc
344 2535 556 2577 identitas
590 2537 733 2590 logica
767 2536 813 2576 in
847 2537 954 2577 reali
988 2537 1175 2578 unitate.
1200 2535 1412 2577 identitas
1444 2538 1573 2577 realis
1607 2538 1650 2576 in

191 2606 335 2660 logica
365 2620 512 2646 rerum
545 2607 718 2646 unitate
756 2605 1100 2646 fundamentum
1138 2605 1285 2646 habet.
1349 2605 1466 2645 Illud
1504 2612 1650 2645 autem

192 2675 235 2714 in
267 2689 356 2729 quo
391 2674 490 2715 duee
523 2675 593 2716 vel
630 2675 779 2729 plures
822 2674 1046 2715 distinctae
1089 2689 1157 2715 res
1193 2675 1481 2717 conveniunt.
1505 2682 1651 2728 potest

191 2758 284 2785 esse
328 2744 398 2785 vel
440 2758 594 2799 genus,
638 2745 709 2785 vel
751 2744 1027 2798 species,x⁷el
1071 2744 1277 2797 qualitas,
1311 2745 1379 2784 vel
1425 2744 1653 2797 quantitas

192 2812 411 2867 quaedam,
431 2817 514 2853 etc.
578 2812 697 2854 Hinc
733 2812 946 2854 identitas
982 2814 1111 2853 realis
1135 2813 1205 2853 vel
1239 2819 1305 2853 est
1341 2813 1557 2867 gener-ica,
1583 2812 1649 2851 vel

191 2882 409 2937 specifica,
433 2883 502 2924 vel
526 2883 846 2931 similitudinis,
865 2884 933 2924 ve]
959 2883 1241 2937 {equalitatis
1307 2882 1417 2923 Item
1444 2881 1654 2921 identitas
