<?xml version="1.0" encoding="UTF-8"?>
<!DOCTYPE html PUBLIC "-//W3C//DTD XHTML 1.0 Transitional//EN"
    "http://www.w3.org/TR/xhtml1/DTD/xhtml1-transitional.dtd">
<html xmlns="http://www.w3.org/1999/xhtml" xml:lang="en" lang="en">
 <head>
  <title>
</title>
<meta http-equiv="Content-Type" content="text/html;charset=utf-8" />
  <meta name='ocr-system' content='tesseract 3.04.00' />
  <meta name='ocr-capabilities' content='ocr_page ocr_carea ocr_par ocr_line ocrx_word'/>
</head>
<body>
  <div class='ocr_page' id='page_1' title='image "./summaphilosophic00russ_0434.png"; bbox 0 0 2025 3357; ppageno 0'>
   <div class='ocr_carea' id='block_1_1' title="bbox 306 358 1314 400">
    <p class='ocr_par' dir='ltr' id='par_1_1' title="bbox 306 358 1314 400">
     <span class='ocr_line' id='line_1_1' title="bbox 306 358 1314 400; baseline 0 -2"><span class='ocrx_word' id='word_1_1' title='bbox 306 358 389 398; x_wconf 61' lang='lat'>418</span> <span class='ocrx_word' id='word_1_2' title='bbox 705 368 985 400; x_wconf 80' lang='lat' dir='ltr'><strong>THEOLOGIA</strong></span> <span class='ocrx_word' id='word_1_3' title='bbox 1017 368 1314 399; x_wconf 70' lang='lat' dir='ltr'>NATURALrs.</span> 
     </span>
    </p>
   </div>
   <div class='ocr_carea' id='block_1_2' title="bbox 301 495 1770 2892">
    <p class='ocr_par' dir='ltr' id='par_1_2' title="bbox 306 495 1768 827">
     <span class='ocr_line' id='line_1_2' title="bbox 307 495 1767 551; baseline 0 -13"><span class='ocrx_word' id='word_1_4' title='bbox 307 511 328 538; x_wconf 93' lang='lat' dir='ltr'>e</span> <span class='ocrx_word' id='word_1_5' title='bbox 368 502 521 538; x_wconf 82' lang='lat' dir='ltr'>contra</span> <span class='ocrx_word' id='word_1_6' title='bbox 559 498 767 551; x_wconf 80' lang='lat' dir='ltr'>explicite</span> <span class='ocrx_word' id='word_1_7' title='bbox 807 496 1001 537; x_wconf 83' lang='lat' dir='ltr'>diximus</span> <span class='ocrx_word' id='word_1_8' title='bbox 1039 496 1199 545; x_wconf 79' lang='lat' dir='ltr'>Deum,</span> <span class='ocrx_word' id='word_1_9' title='bbox 1223 500 1442 551; x_wconf 88' lang='lat' dir='ltr'>quantum</span> <span class='ocrx_word' id='word_1_10' title='bbox 1477 511 1534 537; x_wconf 81' lang='lat' dir='ltr'>ex</span> <span class='ocrx_word' id='word_1_11' title='bbox 1563 495 1664 550; x_wconf 87' lang='lat' dir='ltr'>Ipso</span> <span class='ocrx_word' id='word_1_12' title='bbox 1687 501 1767 542; x_wconf 72' lang='lat' dir='ltr'>est,</span> 
     </span>
     <span class='ocr_line' id='line_1_3' title="bbox 306 564 1767 619; baseline 0.001 -14"><span class='ocrx_word' id='word_1_13' title='bbox 306 564 462 607; x_wconf 83' lang='lat' dir='ltr'>offerre</span> <span class='ocrx_word' id='word_1_14' title='bbox 502 580 781 606; x_wconf 57' lang='lat' dir='ltr'>concursum&lt;</span> <span class='ocrx_word' id='word_1_15' title='bbox 803 565 858 606; x_wconf 86' lang='lat' dir='ltr'>ad</span> <span class='ocrx_word' id='word_1_16' title='bbox 895 566 1036 619; x_wconf 70' lang='lat' dir='ltr'>plura,</span> <span class='ocrx_word' id='word_1_17' title='bbox 1070 570 1204 619; x_wconf 85' lang='lat' dir='ltr'>atque</span> <span class='ocrx_word' id='word_1_18' title='bbox 1232 566 1513 606; x_wconf 86' lang='lat' dir='ltr'>voluntatem</span> <span class='ocrx_word' id='word_1_19' title='bbox 1551 566 1767 608; x_wconf 76' lang='lat' dir='ltr'>electione</span> 
     </span>
     <span class='ocr_line' id='line_1_4' title="bbox 306 633 1768 675; baseline -0.001 0"><span class='ocrx_word' id='word_1_20' title='bbox 306 648 385 675; x_wconf 79' lang='lat' dir='ltr'>sua</span> <span class='ocrx_word' id='word_1_21' title='bbox 409 649 671 675; x_wconf 84' lang='lat' dir='ltr'>concursum</span> <span class='ocrx_word' id='word_1_22' title='bbox 696 634 899 675; x_wconf 83' lang='lat' dir='ltr'>divinum</span> <span class='ocrx_word' id='word_1_23' title='bbox 924 633 1099 675; x_wconf 86' lang='lat' dir='ltr'>flectere</span> <span class='ocrx_word' id='word_1_24' title='bbox 1123 634 1175 674; x_wconf 89' lang='lat' dir='ltr'>ad</span> <span class='ocrx_word' id='word_1_25' title='bbox 1210 634 1329 674; x_wconf 89' lang='lat' dir='ltr'>hunc</span> <span class='ocrx_word' id='word_1_26' title='bbox 1353 634 1424 675; x_wconf 86' lang='lat' dir='ltr'>vel</span> <span class='ocrx_word' id='word_1_27' title='bbox 1455 634 1581 674; x_wconf 87' lang='lat' dir='ltr'>illum</span> <span class='ocrx_word' id='word_1_28' title='bbox 1604 639 1768 675; x_wconf 88' lang='lat' dir='ltr'>actum.</span> 
     </span>
     <span class='ocr_line' id='line_1_5' title="bbox 327 703 1767 758; baseline 0.001 -15"><span class='ocrx_word' id='word_1_29' title='bbox 327 703 558 744; x_wconf 67' lang='lat' dir='ltr'>{eferimus</span> <span class='ocrx_word' id='word_1_30' title='bbox 581 703 925 744; x_wconf 73' lang='lat' dir='ltr'>declaratismem</span> <span class='ocrx_word' id='word_1_31' title='bbox 950 708 1146 743; x_wconf 85' lang='lat' dir='ltr'>nostram</span> <span class='ocrx_word' id='word_1_32' title='bbox 1169 703 1224 743; x_wconf 86' lang='lat' dir='ltr'>ad</span> <span class='ocrx_word' id='word_1_33' title='bbox 1247 703 1547 758; x_wconf 73' lang='lat' dir='ltr'>cognitionem</span> <span class='ocrx_word' id='word_1_34' title='bbox 1570 703 1767 744; x_wconf 82' lang='lat' dir='ltr'>divinam</span> 
     </span>
     <span class='ocr_line' id='line_1_6' title="bbox 306 771 1555 827; baseline -0.001 -15"><span class='ocrx_word' id='word_1_35' title='bbox 306 772 541 826; x_wconf 71' lang='lat' dir='ltr'>praecipue,</span> <span class='ocrx_word' id='word_1_36' title='bbox 565 773 670 826; x_wconf 86' lang='lat' dir='ltr'>quia</span> <span class='ocrx_word' id='word_1_37' title='bbox 694 773 991 827; x_wconf 72' lang='lat' dir='ltr'>cognitionem</span> <span class='ocrx_word' id='word_1_38' title='bbox 1017 772 1130 812; x_wconf 88' lang='lat' dir='ltr'>hanc</span> <span class='ocrx_word' id='word_1_39' title='bbox 1152 772 1328 826; x_wconf 86' lang='lat' dir='ltr'>impetit</span> <span class='ocrx_word' id='word_1_40' title='bbox 1351 771 1555 826; x_wconf 80' lang='lat' dir='ltr'>objectio.</span> 
     </span>
    </p>

    <p class='ocr_par' dir='ltr' id='par_1_3' title="bbox 306 840 1769 1022">
     <span class='ocr_line' id='line_1_7' title="bbox 365 840 1768 895; baseline 0.001 -14"><span class='ocrx_word' id='word_1_41' title='bbox 365 840 465 881; x_wconf 75' lang='grc'>547.</span> <span class='ocrx_word' id='word_1_42' title='bbox 496 840 583 882; x_wconf 77' lang='lat' dir='ltr'>Sed</span> <span class='ocrx_word' id='word_1_43' title='bbox 616 855 760 895; x_wconf 86' lang='lat' dir='ltr'>neque</span> <span class='ocrx_word' id='word_1_44' title='bbox 794 855 848 882; x_wconf 77' lang='lat' dir='ltr'>ex</span> <span class='ocrx_word' id='word_1_45' title='bbox 881 841 1020 882; x_wconf 84' lang='lat' dir='ltr'>altera</span> <span class='ocrx_word' id='word_1_46' title='bbox 1042 846 1167 895; x_wconf 86' lang='lat' dir='ltr'>parte</span> <span class='ocrx_word' id='word_1_47' title='bbox 1190 842 1385 882; x_wconf 82' lang='lat' dir='ltr'>valorem</span> <span class='ocrx_word' id='word_1_48' title='bbox 1408 840 1542 882; x_wconf 85' lang='lat' dir='ltr'>habet</span> <span class='ocrx_word' id='word_1_49' title='bbox 1564 840 1768 895; x_wconf 87' lang='lat' dir='ltr'>objectio.</span> 
     </span>
     <span class='ocr_line' id='line_1_8' title="bbox 306 908 1769 964; baseline 0.001 -14"><span class='ocrx_word' id='word_1_50' title='bbox 306 908 419 950; x_wconf 86' lang='lat' dir='ltr'>Nam</span> <span class='ocrx_word' id='word_1_51' title='bbox 442 910 547 951; x_wconf 90' lang='lat' dir='ltr'>licet</span> <span class='ocrx_word' id='word_1_52' title='bbox 578 911 622 950; x_wconf 90' lang='lat' dir='ltr'>in</span> <span class='ocrx_word' id='word_1_53' title='bbox 656 914 877 964; x_wconf 73' lang='lat' dir='ltr'>potestate</span> <span class='ocrx_word' id='word_1_54' title='bbox 902 914 1115 951; x_wconf 70' lang='lat' dir='ltr'>creaturae</span> <span class='ocrx_word' id='word_1_55' title='bbox 1138 910 1196 950; x_wconf 86' lang='lat' dir='ltr'>sit</span> <span class='ocrx_word' id='word_1_56' title='bbox 1226 924 1491 950; x_wconf 86' lang='lat' dir='ltr'>concursum</span> <span class='ocrx_word' id='word_1_57' title='bbox 1514 909 1690 952; x_wconf 88' lang='lat' dir='ltr'>flectere</span> <span class='ocrx_word' id='word_1_58' title='bbox 1714 910 1769 951; x_wconf 78' lang='lat' dir='ltr'>acl</span> 
     </span>
     <span class='ocr_line' id='line_1_9' title="bbox 306 978 973 1022; baseline 0.001 -4"><span class='ocrx_word' id='word_1_59' title='bbox 306 993 445 1019; x_wconf 89' lang='lat' dir='ltr'>unum</span> <span class='ocrx_word' id='word_1_60' title='bbox 470 979 541 1020; x_wconf 81' lang='lat' dir='ltr'>vel</span> <span class='ocrx_word' id='word_1_61' title='bbox 563 978 619 1019; x_wconf 88' lang='lat' dir='ltr'>ad</span> <span class='ocrx_word' id='word_1_62' title='bbox 642 980 776 1019; x_wconf 87' lang='lat' dir='ltr'>alium</span> <span class='ocrx_word' id='word_1_63' title='bbox 800 985 973 1022; x_wconf 80' lang='lat' dir='ltr'>actum:</span> 
     </span>
    </p>

    <p class='ocr_par' dir='ltr' id='par_1_4' title="bbox 301 1047 1770 1848">
     <span class='ocr_line' id='line_1_10' title="bbox 364 1047 1766 1104; baseline 0.001 -17"><span class='ocrx_word' id='word_1_64' title='bbox 364 1047 425 1087; x_wconf 81' lang='lat'>10.</span> <span class='ocrx_word' id='word_1_65' title='bbox 459 1063 484 1088; x_wconf 78' lang='lat' dir='ltr'>a</span> <span class='ocrx_word' id='word_1_66' title='bbox 507 1047 598 1088; x_wconf 70' lang='lat' dir='ltr'>Deo</span> <span class='ocrx_word' id='word_1_67' title='bbox 632 1063 717 1088; x_wconf 67' lang='lat' dir='ltr'>ozon</span> <span class='ocrx_word' id='word_1_68' title='bbox 750 1049 917 1088; x_wconf 54' lang='lat' dir='ltr'>tollitur</span> <span class='ocrx_word' id='word_1_69' title='bbox 938 1048 1049 1089; x_wconf 69' lang='lat' dir='ltr'>ratio</span> <span class='ocrx_word' id='word_1_70' title='bbox 1084 1063 1221 1089; x_wconf 67' lang='lat' dir='ltr'>causae</span> <span class='ocrx_word' id='word_1_71' title='bbox 1248 1049 1419 1104; x_wconf 60' lang='lat' dir='ltr'>primm.</span> <span class='ocrx_word' id='word_1_72' title='bbox 1482 1047 1556 1088; x_wconf 84' lang='lat' dir='ltr'>Ad</span> <span class='ocrx_word' id='word_1_73' title='bbox 1592 1062 1766 1090; x_wconf 81' lang='lat' dir='ltr'>causam</span> 
     </span>
     <span class='ocr_line' id='line_1_11' title="bbox 305 1117 1767 1171; baseline 0.001 -15"><span class='ocrx_word' id='word_1_74' title='bbox 305 1117 492 1170; x_wconf 78' lang='lat' dir='ltr'>primam</span> <span class='ocrx_word' id='word_1_75' title='bbox 524 1118 732 1171; x_wconf 74' lang='lat' dir='ltr'>pertinet,</span> <span class='ocrx_word' id='word_1_76' title='bbox 757 1123 808 1158; x_wconf 78' lang='lat' dir='ltr'>ut·</span> <span class='ocrx_word' id='word_1_77' title='bbox 839 1118 896 1158; x_wconf 91' lang='lat' dir='ltr'>sit</span> <span class='ocrx_word' id='word_1_78' title='bbox 931 1118 1085 1171; x_wconf 77' lang='lat' dir='ltr'>prima,</span> <span class='ocrx_word' id='word_1_79' title='bbox 1109 1122 1160 1157; x_wconf 84' lang='lat' dir='ltr'>ut</span> <span class='ocrx_word' id='word_1_80' title='bbox 1182 1117 1419 1158; x_wconf 82' lang='lat' dir='ltr'>efficientia</span> <span class='ocrx_word' id='word_1_81' title='bbox 1442 1117 1689 1157; x_wconf 78' lang='lat' dir='ltr'>voluntatis</span> <span class='ocrx_word' id='word_1_82' title='bbox 1711 1118 1767 1158; x_wconf 89' lang='lat' dir='ltr'>sit</span> 
     </span>
     <span class='ocr_line' id='line_1_12' title="bbox 307 1185 1768 1240; baseline 0.001 -15"><span class='ocrx_word' id='word_1_83' title='bbox 307 1185 360 1226; x_wconf 89' lang='lat' dir='ltr'>ab</span> <span class='ocrx_word' id='word_1_84' title='bbox 384 1186 490 1240; x_wconf 65' lang='lat' dir='ltr'>ipsa,</span> <span class='ocrx_word' id='word_1_85' title='bbox 514 1191 559 1227; x_wconf 93' lang='lat' dir='ltr'>et</span> <span class='ocrx_word' id='word_1_86' title='bbox 592 1191 642 1226; x_wconf 90' lang='lat' dir='ltr'>ut</span> <span class='ocrx_word' id='word_1_87' title='bbox 674 1186 750 1226; x_wconf 87' lang='lat' dir='ltr'>illa</span> <span class='ocrx_word' id='word_1_88' title='bbox 773 1187 982 1227; x_wconf 81' lang='lat' dir='ltr'>voluntas</span> <span class='ocrx_word' id='word_1_89' title='bbox 1014 1201 1103 1226; x_wconf 89' lang='lat' dir='ltr'>non</span> <span class='ocrx_word' id='word_1_90' title='bbox 1136 1185 1460 1226; x_wconf 76' lang='lat' dir='ltr'>determinetur</span> <span class='ocrx_word' id='word_1_91' title='bbox 1483 1186 1649 1240; x_wconf 80' lang='lat' dir='ltr'>absque</span> <span class='ocrx_word' id='word_1_92' title='bbox 1674 1186 1768 1240; x_wconf 77' lang='lat' dir='ltr'>ejus</span> 
     </span>
     <span class='ocr_line' id='line_1_13' title="bbox 307 1255 1769 1310; baseline 0.001 -16"><span class='ocrx_word' id='word_1_93' title='bbox 307 1269 551 1303; x_wconf 82' lang='lat' dir='ltr'>concursu3</span> <span class='ocrx_word' id='word_1_94' title='bbox 593 1255 740 1309; x_wconf 83' lang='lat' dir='ltr'>Atqui</span> <span class='ocrx_word' id='word_1_95' title='bbox 777 1255 871 1296; x_wconf 66' lang='lat' dir='ltr'>lnec</span> <span class='ocrx_word' id='word_1_96' title='bbox 906 1255 993 1295; x_wconf 89' lang='lat' dir='ltr'>duo</span> <span class='ocrx_word' id='word_1_97' title='bbox 1029 1269 1053 1295; x_wconf 90' lang='lat' dir='ltr'>a</span> <span class='ocrx_word' id='word_1_98' title='bbox 1086 1255 1214 1295; x_wconf 85' lang='lat' dir='ltr'>nobis</span> <span class='ocrx_word' id='word_1_99' title='bbox 1248 1260 1502 1309; x_wconf 83' lang='lat' dir='ltr'>ponuntur3</span> <span class='ocrx_word' id='word_1_100' title='bbox 1541 1255 1674 1310; x_wconf 80' lang='lat' dir='ltr'>Ergo,</span> <span class='ocrx_word' id='word_1_101' title='bbox 1697 1256 1769 1296; x_wconf 80' lang='lat' dir='ltr'>vel</span> 
     </span>
     <span class='ocr_line' id='line_1_14' title="bbox 305 1323 1767 1377; baseline 0.001 -14"><span class='ocrx_word' id='word_1_102' title='bbox 305 1323 642 1377; x_wconf 82' lang='lat' dir='ltr'>praescindendo</span> <span class='ocrx_word' id='word_1_103' title='bbox 677 1324 730 1364; x_wconf 84' lang='lat' dir='ltr'>ab</span> <span class='ocrx_word' id='word_1_104' title='bbox 763 1325 861 1365; x_wconf 88' lang='lat' dir='ltr'>aliis</span> <span class='ocrx_word' id='word_1_105' title='bbox 894 1324 1140 1364; x_wconf 85' lang='lat' dir='ltr'>rationibus</span> <span class='ocrx_word' id='word_1_106' title='bbox 1173 1338 1252 1364; x_wconf 88' lang='lat' dir='ltr'>cur</span> <span class='ocrx_word' id='word_1_107' title='bbox 1275 1324 1397 1364; x_wconf 87' lang='lat' dir='ltr'>Deus</span> <span class='ocrx_word' id='word_1_108' title='bbox 1430 1324 1517 1364; x_wconf 89' lang='lat' dir='ltr'>dici</span> <span class='ocrx_word' id='word_1_109' title='bbox 1541 1323 1701 1365; x_wconf 87' lang='lat' dir='ltr'>debeat</span> <span class='ocrx_word' id='word_1_110' title='bbox 1724 1329 1767 1365; x_wconf 84' lang='lat' dir='ltr'>et</span> 
     </span>
     <span class='ocr_line' id='line_1_15' title="bbox 306 1393 1770 1447; baseline 0 -14"><span class='ocrx_word' id='word_1_111' title='bbox 306 1393 363 1433; x_wconf 87' lang='lat' dir='ltr'>sit</span> <span class='ocrx_word' id='word_1_112' title='bbox 386 1407 517 1433; x_wconf 86' lang='lat' dir='ltr'>causa</span> <span class='ocrx_word' id='word_1_113' title='bbox 539 1393 692 1446; x_wconf 80' lang='lat' dir='ltr'>prima,</span> <span class='ocrx_word' id='word_1_114' title='bbox 718 1393 850 1447; x_wconf 81' lang='lat' dir='ltr'>hujus</span> <span class='ocrx_word' id='word_1_115' title='bbox 872 1393 984 1433; x_wconf 87' lang='lat' dir='ltr'>ratio</span> <span class='ocrx_word' id='word_1_116' title='bbox 1007 1407 1095 1432; x_wconf 90' lang='lat' dir='ltr'>non</span> <span class='ocrx_word' id='word_1_117' title='bbox 1120 1393 1308 1442; x_wconf 76' lang='lat' dir='ltr'>tollitur,</span> <span class='ocrx_word' id='word_1_118' title='bbox 1326 1393 1471 1446; x_wconf 86' lang='lat' dir='ltr'>posito</span> <span class='ocrx_word' id='word_1_119' title='bbox 1495 1397 1645 1433; x_wconf 86' lang='lat' dir='ltr'>nostro</span> <span class='ocrx_word' id='word_1_120' title='bbox 1670 1407 1770 1433; x_wconf 91' lang='lat' dir='ltr'>con-</span> 
     </span>
     <span class='ocr_line' id='line_1_16' title="bbox 307 1461 1766 1506; baseline 0.001 -5"><span class='ocrx_word' id='word_1_121' title='bbox 307 1476 452 1502; x_wconf 81' lang='lat' dir='ltr'>cursu.</span> <span class='ocrx_word' id='word_1_122' title='bbox 517 1461 739 1503; x_wconf 72' lang='lat' dir='ltr'>Caeterum</span> <span class='ocrx_word' id='word_1_123' title='bbox 784 1466 970 1503; x_wconf 82' lang='lat' dir='ltr'>caveant</span> <span class='ocrx_word' id='word_1_124' title='bbox 1007 1461 1247 1502; x_wconf 81' lang='lat' dir='ltr'>adversarii</span> <span class='ocrx_word' id='word_1_125' title='bbox 1285 1476 1352 1506; x_wconf 74' lang='lat' dir='ltr'>ne,</span> <span class='ocrx_word' id='word_1_126' title='bbox 1378 1461 1481 1501; x_wconf 90' lang='lat' dir='ltr'>dum</span> <span class='ocrx_word' id='word_1_127' title='bbox 1517 1476 1595 1501; x_wconf 90' lang='lat' dir='ltr'>suo</span> <span class='ocrx_word' id='word_1_128' title='bbox 1634 1476 1766 1503; x_wconf 88' lang='lat' dir='ltr'>sensu</span> 
     </span>
     <span class='ocr_line' id='line_1_17' title="bbox 306 1529 1766 1584; baseline 0.001 -14"><span class='ocrx_word' id='word_1_129' title='bbox 306 1530 452 1572; x_wconf 91' lang='lat' dir='ltr'>Deum</span> <span class='ocrx_word' id='word_1_130' title='bbox 476 1529 648 1570; x_wconf 82' lang='lat' dir='ltr'>faciunt</span> <span class='ocrx_word' id='word_1_131' title='bbox 672 1545 847 1571; x_wconf 85' lang='lat' dir='ltr'>causam</span> <span class='ocrx_word' id='word_1_132' title='bbox 871 1531 1071 1584; x_wconf 62' lang='lat' dir='ltr'>[nimam.</span> <span class='ocrx_word' id='word_1_133' title='bbox 1091 1530 1205 1570; x_wconf 87' lang='lat' dir='ltr'>Eum</span> <span class='ocrx_word' id='word_1_134' title='bbox 1229 1544 1380 1583; x_wconf 81' lang='lat' dir='ltr'>reapse</span> <span class='ocrx_word' id='word_1_135' title='bbox 1405 1529 1571 1570; x_wconf 82' lang='lat' dir='ltr'>faciant</span> <span class='ocrx_word' id='word_1_136' title='bbox 1590 1544 1766 1571; x_wconf 83' lang='lat' dir='ltr'>causam</span> 
     </span>
     <span class='ocr_line' id='line_1_18' title="bbox 304 1598 1766 1653; baseline 0.001 -14"><span class='ocrx_word' id='word_1_137' title='bbox 304 1600 482 1640; x_wconf 83' lang='lat' dir='ltr'>unicam</span> <span class='ocrx_word' id='word_1_138' title='bbox 505 1599 685 1640; x_wconf 82' lang='lat' dir='ltr'>liberam</span> <span class='ocrx_word' id='word_1_139' title='bbox 706 1615 715 1647; x_wconf 78' lang='lat'><em>3</em></span> <span class='ocrx_word' id='word_1_140' title='bbox 749 1600 853 1653; x_wconf 86' lang='lat' dir='ltr'>quia</span> <span class='ocrx_word' id='word_1_141' title='bbox 886 1600 921 1640; x_wconf 88' lang='lat' dir='ltr'>si</span> <span class='ocrx_word' id='word_1_142' title='bbox 945 1599 1067 1639; x_wconf 83' lang='lat' dir='ltr'>Deus</span> <span class='ocrx_word' id='word_1_143' title='bbox 1091 1600 1308 1639; x_wconf 85' lang='lat' dir='ltr'>actionem</span> <span class='ocrx_word' id='word_1_144' title='bbox 1342 1598 1766 1652; x_wconf 76' lang='lat' dir='ltr'>praedeterminaret,</span> 
     </span>
     <span class='ocr_line' id='line_1_19' title="bbox 301 1667 1766 1723; baseline 0.001 -15"><span class='ocrx_word' id='word_1_145' title='bbox 301 1668 391 1723; x_wconf 85' lang='lat' dir='ltr'>jam</span> <span class='ocrx_word' id='word_1_146' title='bbox 429 1668 553 1708; x_wconf 87' lang='lat' dir='ltr'>nulla</span> <span class='ocrx_word' id='word_1_147' title='bbox 590 1673 705 1709; x_wconf 83' lang='lat' dir='ltr'>esset</span> <span class='ocrx_word' id='word_1_148' title='bbox 743 1667 1048 1709; x_wconf 81' lang='lat' dir='ltr'>indifferentia</span> <span class='ocrx_word' id='word_1_149' title='bbox 1084 1668 1231 1708; x_wconf 77' lang='lat' dir='ltr'>activa</span> <span class='ocrx_word' id='word_1_150' title='bbox 1268 1668 1542 1715; x_wconf 82' lang='lat' dir='ltr'>voluntatis3</span> <span class='ocrx_word' id='word_1_151' title='bbox 1588 1674 1646 1717; x_wconf 65' lang='lat' dir='ltr'>et,</span> <span class='ocrx_word' id='word_1_152' title='bbox 1685 1668 1766 1709; x_wconf 83' lang='lat' dir='ltr'>hac</span> 
     </span>
     <span class='ocr_line' id='line_1_20' title="bbox 303 1736 1769 1791; baseline 0.001 -14"><span class='ocrx_word' id='word_1_153' title='bbox 303 1742 532 1791; x_wconf 73' lang='lat' dir='ltr'>pereunte,</span> <span class='ocrx_word' id='word_1_154' title='bbox 553 1737 640 1791; x_wconf 78' lang='lat' dir='ltr'>jam</span> <span class='ocrx_word' id='word_1_155' title='bbox 677 1738 819 1777; x_wconf 78' lang='lat' dir='ltr'>omnis</span> <span class='ocrx_word' id='word_1_156' title='bbox 855 1741 1157 1777; x_wconf 81' lang='lat' dir='ltr'>creaturarum</span> <span class='ocrx_word' id='word_1_157' title='bbox 1192 1736 1373 1777; x_wconf 82' lang='lat' dir='ltr'>libertas</span> <span class='ocrx_word' id='word_1_158' title='bbox 1409 1751 1430 1778; x_wconf 94' lang='lat' dir='ltr'>e</span> <span class='ocrx_word' id='word_1_159' title='bbox 1458 1736 1602 1778; x_wconf 86' lang='lat' dir='ltr'>medio</span> <span class='ocrx_word' id='word_1_160' title='bbox 1637 1738 1769 1791; x_wconf 87' lang='lat' dir='ltr'>pelle-</span> 
     </span>
     <span class='ocr_line' id='line_1_21' title="bbox 303 1811 440 1848; baseline -0.015 0"><span class='ocrx_word' id='word_1_161' title='bbox 303 1811 440 1848; x_wconf 87' lang='lat' dir='ltr'>retur.</span> 
     </span>
    </p>

    <p class='ocr_par' dir='ltr' id='par_1_5' title="bbox 304 1874 1769 2341">
     <span class='ocr_line' id='line_1_22' title="bbox 364 1874 1768 1930; baseline 0.001 -15"><span class='ocrx_word' id='word_1_162' title='bbox 364 1875 419 1915; x_wconf 68' lang='grc'>20.</span> <span class='ocrx_word' id='word_1_163' title='bbox 453 1874 600 1930; x_wconf 70' lang='lat' dir='ltr'>IVeqne</span> <span class='ocrx_word' id='word_1_164' title='bbox 626 1890 649 1915; x_wconf 79' lang='lat' dir='ltr'><em>a</em></span> <span class='ocrx_word' id='word_1_165' title='bbox 674 1874 764 1915; x_wconf 70' lang='lat' dir='ltr'>Deo</span> <span class='ocrx_word' id='word_1_166' title='bbox 788 1876 955 1915; x_wconf 58' lang='lat' dir='ltr'>tollium·</span> <span class='ocrx_word' id='word_1_167' title='bbox 982 1875 1092 1916; x_wconf 72' lang='lat' dir='ltr'>ratio</span> <span class='ocrx_word' id='word_1_168' title='bbox 1116 1890 1253 1915; x_wconf 55' lang='lat' dir='ltr'>eausa?</span> <span class='ocrx_word' id='word_1_169' title='bbox 1275 1875 1591 1930; x_wconf 61' lang='lat' dir='ltr'>owvvoze&#39;poteutis.</span> <span class='ocrx_word' id='word_1_170' title='bbox 1655 1874 1768 1916; x_wconf 85' lang='lat' dir='ltr'>Con-</span> 
     </span>
     <span class='ocr_line' id='line_1_23' title="bbox 304 1943 1765 1992; baseline 0.001 -8"><span class='ocrx_word' id='word_1_171' title='bbox 304 1943 499 1985; x_wconf 88' lang='lat' dir='ltr'>tendunt</span> <span class='ocrx_word' id='word_1_172' title='bbox 521 1943 774 1991; x_wconf 68' lang='lat' dir='ltr'>adversarii,</span> <span class='ocrx_word' id='word_1_173' title='bbox 798 1943 988 1984; x_wconf 74' lang='lat' dir='ltr'>admissa</span> <span class='ocrx_word' id='word_1_174' title='bbox 1012 1949 1162 1984; x_wconf 84' lang='lat' dir='ltr'>nostra</span> <span class='ocrx_word' id='word_1_175' title='bbox 1193 1945 1429 1992; x_wconf 76' lang='lat' dir='ltr'>sententia,</span> <span class='ocrx_word' id='word_1_176' title='bbox 1454 1944 1598 1985; x_wconf 87' lang='lat' dir='ltr'>Deum</span> <span class='ocrx_word' id='word_1_177' title='bbox 1622 1943 1765 1986; x_wconf 86' lang='lat' dir='ltr'>facere</span> 
     </span>
     <span class='ocr_line' id='line_1_24' title="bbox 304 2012 1769 2068; baseline 0 -15"><span class='ocrx_word' id='word_1_178' title='bbox 304 2027 394 2053; x_wconf 87' lang='lat' dir='ltr'>non</span> <span class='ocrx_word' id='word_1_179' title='bbox 429 2027 554 2066; x_wconf 80' lang='lat' dir='ltr'>posse</span> <span class='ocrx_word' id='word_1_180' title='bbox 590 2014 737 2053; x_wconf 80' lang='lat' dir='ltr'>omnia</span> <span class='ocrx_word' id='word_1_181' title='bbox 775 2027 873 2067; x_wconf 60' lang='lat' dir='ltr'>quae</span> <span class='ocrx_word' id='word_1_182' title='bbox 898 2014 1009 2054; x_wconf 77' lang='lat' dir='ltr'>vult.</span> <span class='ocrx_word' id='word_1_183' title='bbox 1073 2012 1410 2067; x_wconf 76' lang='lat' dir='ltr'>Respondemus</span> <span class='ocrx_word' id='word_1_184' title='bbox 1444 2013 1648 2068; x_wconf 80' lang='lat' dir='ltr'>negando</span> <span class='ocrx_word' id='word_1_185' title='bbox 1675 2014 1769 2054; x_wconf 82' lang='lat' dir='ltr'>illa-</span> 
     </span>
     <span class='ocr_line' id='line_1_25' title="bbox 304 2079 1769 2135; baseline 0.001 -15"><span class='ocrx_word' id='word_1_186' title='bbox 304 2080 484 2121; x_wconf 90' lang='lat' dir='ltr'>tionem.</span> <span class='ocrx_word' id='word_1_187' title='bbox 549 2079 833 2135; x_wconf 45' lang='lat' dir='ltr'>(lognoscens</span> <span class='ocrx_word' id='word_1_188' title='bbox 856 2081 973 2120; x_wconf 89' lang='lat' dir='ltr'>enim</span> <span class='ocrx_word' id='word_1_189' title='bbox 996 2080 1119 2121; x_wconf 90' lang='lat' dir='ltr'>Deus</span> <span class='ocrx_word' id='word_1_190' title='bbox 1142 2095 1219 2134; x_wconf 82' lang='lat' dir='ltr'>per</span> <span class='ocrx_word' id='word_1_191' title='bbox 1241 2080 1470 2121; x_wconf 86' lang='lat' dir='ltr'>scientiam</span> <span class='ocrx_word' id='word_1_192' title='bbox 1495 2080 1769 2121; x_wconf 83' lang='lat' dir='ltr'>conditiona-</span> 
     </span>
     <span class='ocr_line' id='line_1_26' title="bbox 304 2147 1763 2203; baseline 0.001 -15"><span class='ocrx_word' id='word_1_193' title='bbox 304 2153 395 2189; x_wconf 86' lang='lat' dir='ltr'>tam</span> <span class='ocrx_word' id='word_1_194' title='bbox 429 2147 539 2202; x_wconf 88' lang='lat' dir='ltr'>quid</span> <span class='ocrx_word' id='word_1_195' title='bbox 577 2154 780 2189; x_wconf 83' lang='lat' dir='ltr'>creatura</span> <span class='ocrx_word' id='word_1_196' title='bbox 814 2148 949 2190; x_wconf 83' lang='lat' dir='ltr'>libere</span> <span class='ocrx_word' id='word_1_197' title='bbox 985 2148 1151 2190; x_wconf 83' lang='lat' dir='ltr'>faceret</span> <span class='ocrx_word' id='word_1_198' title='bbox 1186 2149 1419 2203; x_wconf 76' lang='lat' dir='ltr'>quibusvis</span> <span class='ocrx_word' id='word_1_199' title='bbox 1449 2150 1493 2189; x_wconf 93' lang='lat' dir='ltr'>in</span> <span class='ocrx_word' id='word_1_200' title='bbox 1528 2149 1763 2203; x_wconf 75' lang='lat' dir='ltr'>adjunctis,</span> 
     </span>
     <span class='ocr_line' id='line_1_27' title="bbox 305 2217 1765 2273; baseline 0.001 -15"><span class='ocrx_word' id='word_1_201' title='bbox 305 2218 575 2266; x_wconf 86' lang='lat' dir='ltr'>constituere</span> <span class='ocrx_word' id='word_1_202' title='bbox 614 2222 761 2271; x_wconf 82' lang='lat' dir='ltr'>potest</span> <span class='ocrx_word' id='word_1_203' title='bbox 800 2223 1046 2258; x_wconf 86' lang='lat' dir='ltr'>creaturam</span> <span class='ocrx_word' id='word_1_204' title='bbox 1083 2218 1128 2258; x_wconf 89' lang='lat' dir='ltr'>in</span> <span class='ocrx_word' id='word_1_205' title='bbox 1167 2218 1219 2258; x_wconf 79' lang='lat' dir='ltr'>iis</span> <span class='ocrx_word' id='word_1_206' title='bbox 1257 2217 1493 2271; x_wconf 76' lang='lat' dir='ltr'>adjunctis,</span> <span class='ocrx_word' id='word_1_207' title='bbox 1517 2219 1562 2258; x_wconf 89' lang='lat' dir='ltr'>in</span> <span class='ocrx_word' id='word_1_208' title='bbox 1601 2218 1765 2273; x_wconf 87' lang='lat' dir='ltr'>quibus</span> 
     </span>
     <span class='ocr_line' id='line_1_28' title="bbox 304 2285 1338 2341; baseline 0 -14"><span class='ocrx_word' id='word_1_209' title='bbox 304 2286 489 2341; x_wconf 83' lang='lat' dir='ltr'>eligeret</span> <span class='ocrx_word' id='word_1_210' title='bbox 511 2285 556 2325; x_wconf 90' lang='lat' dir='ltr'>id</span> <span class='ocrx_word' id='word_1_211' title='bbox 580 2286 737 2340; x_wconf 79' lang='lat' dir='ltr'>ipsum,</span> <span class='ocrx_word' id='word_1_212' title='bbox 763 2286 884 2340; x_wconf 87' lang='lat' dir='ltr'>quod</span> <span class='ocrx_word' id='word_1_213' title='bbox 908 2286 1030 2327; x_wconf 90' lang='lat' dir='ltr'>Deus</span> <span class='ocrx_word' id='word_1_214' title='bbox 1052 2287 1152 2328; x_wconf 86' lang='lat' dir='ltr'>vult</span> <span class='ocrx_word' id='word_1_215' title='bbox 1174 2292 1225 2327; x_wconf 87' lang='lat' dir='ltr'>ut</span> <span class='ocrx_word' id='word_1_216' title='bbox 1248 2286 1338 2327; x_wconf 84' lang='lat' dir='ltr'>fiat.</span> 
     </span>
    </p>

    <p class='ocr_par' dir='ltr' id='par_1_6' title="bbox 303 2354 1766 2892">
     <span class='ocr_line' id='line_1_29' title="bbox 362 2354 1765 2410; baseline 0.001 -15"><span class='ocrx_word' id='word_1_217' title='bbox 362 2354 459 2396; x_wconf 80' lang='lat'>548.</span> <span class='ocrx_word' id='word_1_218' title='bbox 494 2355 539 2395; x_wconf 78' lang='lat'>3³</span> <span class='ocrx_word' id='word_1_219' title='bbox 576 2354 723 2395; x_wconf 78' lang='lat' dir='ltr'><strong>PARS.</strong></span> <span class='ocrx_word' id='word_1_220' title='bbox 774 2355 841 2395; x_wconf 79' lang='lat' dir='ltr'>Ex</span> <span class='ocrx_word' id='word_1_221' title='bbox 881 2355 1011 2396; x_wconf 87' lang='lat' dir='ltr'>dictis</span> <span class='ocrx_word' id='word_1_222' title='bbox 1049 2360 1145 2396; x_wconf 87' lang='lat' dir='ltr'>tum</span> <span class='ocrx_word' id='word_1_223' title='bbox 1183 2356 1227 2395; x_wconf 90' lang='lat' dir='ltr'>in</span> <span class='ocrx_word' id='word_1_224' title='bbox 1265 2354 1460 2396; x_wconf 81' lang='lat' dir='ltr'>secunda</span> <span class='ocrx_word' id='word_1_225' title='bbox 1497 2360 1636 2410; x_wconf 76' lang='lat' dir='ltr'>parte,</span> <span class='ocrx_word' id='word_1_226' title='bbox 1660 2360 1765 2400; x_wconf 71' lang='lat' dir='ltr'>,tum</span> 
     </span>
     <span class='ocr_line' id='line_1_30' title="bbox 304 2423 1763 2478; baseline 0.001 -14"><span class='ocrx_word' id='word_1_227' title='bbox 304 2424 407 2465; x_wconf 82' lang='lat' dir='ltr'>alibi</span> <span class='ocrx_word' id='word_1_228' title='bbox 436 2425 502 2478; x_wconf 87' lang='lat' dir='ltr'>(n.</span> <span class='ocrx_word' id='word_1_229' title='bbox 536 2423 645 2477; x_wconf 75' lang='lat'>529)</span> <span class='ocrx_word' id='word_1_230' title='bbox 672 2429 847 2465; x_wconf 80' lang='lat' dir='ltr'>constat</span> <span class='ocrx_word' id='word_1_231' title='bbox 882 2424 1027 2465; x_wconf 90' lang='lat' dir='ltr'>Deum</span> <span class='ocrx_word' id='word_1_232' title='bbox 1063 2424 1226 2465; x_wconf 86' lang='lat' dir='ltr'>malum</span> <span class='ocrx_word' id='word_1_233' title='bbox 1264 2425 1520 2478; x_wconf 77' lang='lat' dir='ltr'>permittere</span> <span class='ocrx_word' id='word_1_234' title='bbox 1555 2425 1763 2478; x_wconf 74' lang='lat' dir='ltr'>negative</span> 
     </span>
     <span class='ocr_line' id='line_1_31' title="bbox 304 2493 1766 2548; baseline 0 -15"><span class='ocrx_word' id='word_1_235' title='bbox 304 2497 495 2534; x_wconf 84' lang='lat' dir='ltr'>tantum.</span> <span class='ocrx_word' id='word_1_236' title='bbox 560 2493 658 2533; x_wconf 87' lang='lat' dir='ltr'>Hoc</span> <span class='ocrx_word' id='word_1_237' title='bbox 697 2498 845 2534; x_wconf 83' lang='lat' dir='ltr'>autem</span> <span class='ocrx_word' id='word_1_238' title='bbox 886 2494 979 2547; x_wconf 88' lang='lat' dir='ltr'>ipso</span> <span class='ocrx_word' id='word_1_239' title='bbox 1004 2493 1124 2548; x_wconf 85' lang='lat' dir='ltr'>quod</span> <span class='ocrx_word' id='word_1_240' title='bbox 1156 2498 1302 2534; x_wconf 87' lang='lat' dir='ltr'>actum</span> <span class='ocrx_word' id='word_1_241' title='bbox 1338 2494 1530 2547; x_wconf 79' lang='lat' dir='ltr'>aliquem</span> <span class='ocrx_word' id='word_1_242' title='bbox 1564 2508 1652 2534; x_wconf 93' lang='lat' dir='ltr'>non</span> <span class='ocrx_word' id='word_1_243' title='bbox 1691 2494 1766 2534; x_wconf 87' lang='grc'><strong>1111-</strong></span> 
     </span>
     <span class='ocr_line' id='line_1_32' title="bbox 304 2561 1762 2617; baseline 0.001 -15"><span class='ocrx_word' id='word_1_244' title='bbox 304 2561 440 2616; x_wconf 81' lang='lat' dir='ltr'>pedit,</span> <span class='ocrx_word' id='word_1_245' title='bbox 464 2561 541 2602; x_wconf 81' lang='lat' dir='ltr'>dat</span> <span class='ocrx_word' id='word_1_246' title='bbox 574 2576 837 2602; x_wconf 83' lang='lat' dir='ltr'>concursum</span> <span class='ocrx_word' id='word_1_247' title='bbox 862 2562 1203 2608; x_wconf 71' lang='lat' dir='ltr'>indifferentem,</span> <span class='ocrx_word' id='word_1_248' title='bbox 1227 2562 1361 2603; x_wconf 86' lang='lat' dir='ltr'>talem</span> <span class='ocrx_word' id='word_1_249' title='bbox 1385 2576 1541 2616; x_wconf 88' lang='lat' dir='ltr'>nempe</span> <span class='ocrx_word' id='word_1_250' title='bbox 1565 2567 1616 2602; x_wconf 84' lang='lat' dir='ltr'>nt</span> <span class='ocrx_word' id='word_1_251' title='bbox 1638 2576 1762 2617; x_wconf 81' lang='lat' dir='ltr'>aeque</span> 
     </span>
     <span class='ocr_line' id='line_1_33' title="bbox 304 2629 1763 2685; baseline 0.001 -14"><span class='ocrx_word' id='word_1_252' title='bbox 304 2630 423 2672; x_wconf 87' lang='lat' dir='ltr'>flecti</span> <span class='ocrx_word' id='word_1_253' title='bbox 458 2631 598 2685; x_wconf 79' lang='lat' dir='ltr'>possit</span> <span class='ocrx_word' id='word_1_254' title='bbox 633 2629 687 2671; x_wconf 89' lang='lat' dir='ltr'>ad</span> <span class='ocrx_word' id='word_1_255' title='bbox 722 2645 861 2671; x_wconf 89' lang='lat' dir='ltr'>unum</span> <span class='ocrx_word' id='word_1_256' title='bbox 888 2631 953 2673; x_wconf 84' lang='lat' dir='ltr'>vel</span> <span class='ocrx_word' id='word_1_257' title='bbox 991 2631 1125 2671; x_wconf 89' lang='lat' dir='ltr'>alium</span> <span class='ocrx_word' id='word_1_258' title='bbox 1161 2635 1324 2677; x_wconf 73' lang='lat' dir='ltr'>actum,</span> <span class='ocrx_word' id='word_1_259' title='bbox 1347 2631 1452 2671; x_wconf 88' lang='lat' dir='ltr'>licet</span> <span class='ocrx_word' id='word_1_260' title='bbox 1484 2630 1536 2672; x_wconf 90' lang='lat' dir='ltr'>de</span> <span class='ocrx_word' id='word_1_261' title='bbox 1567 2631 1685 2672; x_wconf 84' lang='lat' dir='ltr'>facto</span> <span class='ocrx_word' id='word_1_262' title='bbox 1708 2631 1763 2672; x_wconf 83' lang='lat' dir='ltr'>ad</span> 
     </span>
     <span class='ocr_line' id='line_1_34' title="bbox 304 2698 1760 2754; baseline 0.001 -15"><span class='ocrx_word' id='word_1_263' title='bbox 304 2699 422 2740; x_wconf 80' lang='grc'><strong>1111110</strong></span> <span class='ocrx_word' id='word_1_264' title='bbox 445 2700 593 2754; x_wconf 87' lang='lat' dir='ltr'>potius</span> <span class='ocrx_word' id='word_1_265' title='bbox 617 2713 749 2754; x_wconf 84' lang='lat' dir='ltr'>quam</span> <span class='ocrx_word' id='word_1_266' title='bbox 773 2699 828 2740; x_wconf 86' lang='lat' dir='ltr'>ad</span> <span class='ocrx_word' id='word_1_267' title='bbox 851 2700 976 2740; x_wconf 86' lang='lat' dir='ltr'>illum</span> <span class='ocrx_word' id='word_1_268' title='bbox 1000 2704 1148 2740; x_wconf 87' lang='lat' dir='ltr'>actum</span> <span class='ocrx_word' id='word_1_269' title='bbox 1172 2698 1378 2740; x_wconf 83' lang='lat' dir='ltr'>flectatur</span> <span class='ocrx_word' id='word_1_270' title='bbox 1401 2714 1478 2753; x_wconf 84' lang='lat' dir='ltr'>per</span> <span class='ocrx_word' id='word_1_271' title='bbox 1500 2700 1760 2741; x_wconf 85' lang='lat' dir='ltr'>electionem</span> 
     </span>
     <span class='ocr_line' id='line_1_35' title="bbox 303 2768 1762 2823; baseline 0 -15"><span class='ocrx_word' id='word_1_272' title='bbox 303 2768 562 2809; x_wconf 87' lang='lat' dir='ltr'>voluntatis.</span> <span class='ocrx_word' id='word_1_273' title='bbox 626 2768 744 2823; x_wconf 77' lang='lat' dir='ltr'>Ergo</span> <span class='ocrx_word' id='word_1_274' title='bbox 778 2769 814 2809; x_wconf 88' lang='lat' dir='ltr'>si</span> <span class='ocrx_word' id='word_1_275' title='bbox 848 2782 993 2822; x_wconf 84' lang='lat' dir='ltr'>neque</span> <span class='ocrx_word' id='word_1_276' title='bbox 1026 2783 1081 2810; x_wconf 86' lang='lat' dir='ltr'>ex</span> <span class='ocrx_word' id='word_1_277' title='bbox 1114 2768 1190 2808; x_wconf 88' lang='lat' dir='ltr'>illa</span> <span class='ocrx_word' id='word_1_278' title='bbox 1212 2769 1514 2822; x_wconf 73' lang='lat' dir='ltr'>permissione,</span> <span class='ocrx_word' id='word_1_279' title='bbox 1540 2783 1683 2823; x_wconf 89' lang='lat' dir='ltr'>neque</span> <span class='ocrx_word' id='word_1_280' title='bbox 1707 2783 1762 2810; x_wconf 84' lang='lat' dir='ltr'>ex</span> 
     </span>
     <span class='ocr_line' id='line_1_36' title="bbox 303 2836 1758 2892; baseline 0 -15"><span class='ocrx_word' id='word_1_281' title='bbox 303 2836 560 2892; x_wconf 85' lang='lat' dir='ltr'>hujusmodi</span> <span class='ocrx_word' id='word_1_282' title='bbox 602 2850 819 2878; x_wconf 85' lang='lat' dir='ltr'>concursu</span> <span class='ocrx_word' id='word_1_283' title='bbox 861 2841 1074 2892; x_wconf 85' lang='lat' dir='ltr'>sequatur</span> <span class='ocrx_word' id='word_1_284' title='bbox 1117 2836 1262 2878; x_wconf 87' lang='lat' dir='ltr'>Deum</span> <span class='ocrx_word' id='word_1_285' title='bbox 1305 2850 1397 2878; x_wconf 89' lang='lat' dir='ltr'>esse</span> <span class='ocrx_word' id='word_1_286' title='bbox 1441 2850 1615 2877; x_wconf 85' lang='lat' dir='ltr'>causam</span> <span class='ocrx_word' id='word_1_287' title='bbox 1658 2837 1758 2877; x_wconf 85' lang='lat' dir='ltr'>mali</span> 
     </span>
    </p>
   </div>
  </div>
 </body>
</html>
