2025 3357
563 406 627 435 DE
658 405 952 435 ATTRIBUTIS
984 405 1066 434 DEI
1098 404 1401 434 GENERATIM.
1629 395 1711 436 385

308 531 406 574 504.
439 532 505 573 De
537 532 842 572 attributorum
872 531 1124 587 partitione.
1188 531 1313 572 Licet
1345 531 1429 572 Dei
1462 532 1712 573 substantia

249 602 575 656 simplicissima
597 601 668 650 sit,
692 601 811 640 illam
836 604 982 641 tamen
1017 614 1105 640 non
1129 601 1257 641 aliter
1279 601 1405 641 nobis
1428 607 1714 656 repraesenta—

250 685 361 719 mus,
385 684 519 724 quam
542 670 579 711 si
611 674 835 710 constaret
859 684 913 710 ex
944 668 1168 709 distinctis
1190 668 1553 723 perfectumibus.
1617 671 1711 712 Has

248 738 545 793 perfectiones
582 738 619 779 si
650 737 704 778 ad
739 737 952 791 quasdam
987 738 1147 778 classes
1179 738 1389 779 reducere
1423 740 1626 789 velimus,
1660 744 1711 780 ut

248 822 321 849 eas
363 807 573 849 reducere
616 811 806 861 oportet,
850 807 1000 860 aliquo
1048 808 1265 860 principio
1308 808 1441 848 inniti
1483 808 1708 850 debemus.

249 876 458 918 Jamvero
496 876 761 930 principium
802 876 1056 929 partitionis
1092 875 1417 930 perfectionum
1456 877 1709 918 divinarum

247 945 420 986 desumi
444 946 601 1000 nequit
623 959 677 986 ex
700 943 973 998 perfectione
998 944 1095 991 Dei,
1119 950 1168 985 ut
1193 946 1233 985 iu
1260 960 1303 986 se
1338 950 1427 986 est:
1463 947 1567 1000 quia
1590 948 1713 987 attri-

248 1015 357 1055 buta
379 1015 424 1055 in
449 1014 544 1056 Deo
576 1015 670 1068 ipso
704 1028 791 1054 non
821 1013 1178 1069 distinguuntur.
1242 1015 1359 1069 Ergo
1384 1014 1556 1056 desumi
1578 1015 1709 1057 debet

247 1098 302 1125 ex
345 1084 516 1125 ratione
555 1087 599 1125 et
636 1083 790 1124 ordine
829 1097 931 1137 quo,
955 1083 1202 1124 secundum
1241 1089 1403 1124 nostrae
1443 1085 1710 1138 cognitionis

247 1152 442 1202 modum,
466 1152 763 1207 perfectiones
794 1152 878 1193 Dei
912 1153 1200 1206 concipimus.
1264 1153 1401 1192 Porro
1435 1153 1602 1207 duplici
1629 1169 1710 1194 nos

247 1222 319 1262 via
341 1223 613 1277 assurgimus
646 1221 702 1261 ad
735 1220 1092 1276 cognoscendum
1119 1221 1229 1275 quid
1261 1223 1316 1261 sit
1341 1222 1476 1270 Deus,
1501 1222 1709 1263 videlicet

246 1291 319 1331 via
355 1291 428 1332 vel
463 1291 747 1332 remotionis:
782 1304 870 1344 qua
907 1290 960 1331 de
985 1289 1081 1330 Deo
1105 1304 1318 1344 negamus
1351 1290 1710 1344 imperfectiones

246 1373 356 1414 quas
390 1360 435 1400 in
460 1360 673 1400 creaturis
697 1360 1018 1413 conspicimus3
1042 1359 1113 1399 vel
1137 1359 1467 1400 affirmationis:
1504 1374 1591 1413 qua
1618 1375 1712 1414 per-

245 1428 475 1478 fectiones,
498 1428 611 1469 nihil
634 1427 983 1482 imperfectionis
1006 1429 1050 1468 in
1069 1442 1148 1468 suo
1168 1438 1387 1482 conceptu
1412 1429 1709 1477 iuvcdventes,

246 1497 342 1539 Deo
365 1497 652 1538 attribuimus
675 1497 806 1538 modo
830 1498 1195 1538 eminentissinu‘).
1259 1498 1453 1553 Exurgit
1476 1498 1578 1539 inde
1603 1499 1712 1539 ‹livi-

246 1567 310 1607 sio
333 1567 376 1607 in
402 1567 634 1615 attributa,
659 1580 758 1621 quae
791 1581 869 1621 per
892 1567 1095 1607 notiones
1126 1567 1357 1621 negativas
1381 1568 1709 1621 concipiuntur,

246 1641 291 1677 et
332 1636 563 1683 attributa,
606 1649 705 1690 quae
748 1635 1006 1676 notionibus
1048 1635 1371 1676 affirmantibus
1413 1636 1709 1685 exhibentur3

245 1706 322 1746 illa
365 1706 576 1759 negyatz'va,
618 1705 713 1746 haec
753 1705 944 1760 positiva
986 1711 1320 1759 nuncupantur.
1398 1705 1522 1746 Inter
1554 1707 1710 1760 ‘ptiora

246 1773 518 1816 recensenda
540 1779 646 1814 sunt
668 1788 731 1823 ea,
751 1773 914 1828 quibus
933 1773 1055 1815 Deus
1074 1774 1324 1828 concipitur
1342 1778 1391 1814 ut
1411 1789 1487 1815 ens
1505 1775 1708 1829 simpleX,

246 1842 538 1891 immutabile,
561 1847 793 1891 aeternum,
817 1842 1057 1886 infinitum,
1082 1843 1359 1885 immensum.
1378 1844 1712 1898 incomprehen-

246 1912 387 1960 sibile,
411 1917 517 1960 etc.;
550 1912 668 1953 inter
690 1912 948 1966 posteriora,
967 1912 1130 1966 quibus
1154 1911 1275 1953 Deus
1299 1912 1536 1953 exhibetur
1559 1919 1609 1953 ut
1632 1928 1709 1954 ens

246 1995 483 2029 summum,
516 1981 814 2022 essentialiter
836 1995 1004 2027 verum,
1029 1980 1201 2022 infinite
1235 1981 1427 2029 bonum3
1460 1982 1712 2037 intelligen-

247 2051 322 2100 tia,
364 2051 613 2094 voluntate,
656 2051 859 2104 potentia
900 2049 1153 2104 praeditum,
1191 2050 1501 2091 etc—Datur
1538 2056 1583 2092 et
1625 2052 1709 2092 alia

246 2119 567 2161 attributorum
601 2119 783 2173 partitio
819 2133 952 2173 quam
989 2134 1253 2174 cognoscere
1276 2120 1415 2175 juvat.
1440 2134 1631 2174 quchue.
1654 2121 1707 2161 ad

246 2189 360 2230 hanc
378 2189 562 2244 primam
582 2189 779 2229 revocari
802 2192 963 2242 potest,
982 2189 1191 2228 nimirum
1210 2189 1255 2228 in
1275 2190 1547 2244 ‹lmese-entia,
1567 2205 1710 2245 opera-

247 2258 334 2300 tiva
357 2263 403 2300 et-
435 2258 632 2299 moralz'a.
695 2257 845 2313 Hujus
877 2258 1130 2312 partitionis
1162 2259 1274 2298 ratio
1308 2258 1558 2305 desumitur
1580 2274 1634 2300 ex
1658 2274 1707 2300 co

247 2327 369 2383 quod
403 2327 526 2370 Deus
560 2327 725 2382 triplici
760 2327 890 2367 modo
926 2327 1195 2368 considerari
1233 2328 1395 2381 possit:
1429 2333 1480 2368 ut
1513 2343 1590 2369 eus
1623 2330 1711 2369 exi-

247 2402 382 2446 stens,
401 2402 451 2437 ut
469 2411 546 2438 ens
562 2410 762 2451 operans,
782 2400 832 2437 ut
851 2410 928 2436 ens
952 2396 1132 2435 morale.
1196 2395 1304 2436 Inde
1329 2397 1411 2436 tria
1436 2401 1708 2437 enascuntur

246 2466 566 2507 attributorum
598 2479 775 2521 genera.
838 2464 1038 2505 Primum
1072 2469 1137 2505 est
1170 2479 1320 2505 eorum
1346 2480 1445 2519 quae
1470 2465 1614 2506 Deum
1638 2481 1710 2507 ex-

247 2534 403 2576 hibent
425 2535 518 2576 sine
552 2534 766 2576 relatione
790 2533 846 2574 ad
877 2534 1193 2588 operationem,
1220 2538 1267 2574 ut
1290 2539 1395 2574 sunt
1420 2549 1459 2575 v.
1482 2549 1523 2589 g.
1547 2536 1710 2589 simpli-

248 2604 358 2645 citas
380 2610 426 2645 et
447 2604 696 2651 aeternitas3
729 2603 916 2644 alterum
942 2607 1008 2643 est
1032 2617 1183 2644 eorum
1207 2617 1306 2656 quac
1326 2603 1469 2643 Deum
1494 2604 1707 2645 exhibent

248 2677 471 2727 quatenus
503 2686 689 2726 operans
718 2676 798 2721 est,
823 2676 867 2712 et
889 2672 1057 2712 virtute
1082 2671 1255 2711 infinita
1279 2671 1505 2725 praeditus,
1531 2680 1578 2712 ut
1603 2678 1708 2713 sunt

248 2741 519 2789 intellectus,
543 2741 766 2790 voluntas,
789 2746 899 2788 etc.;
933 2741 1114 2781 tertium
1148 2739 1326 2781 deinum
1350 2746 1416 2781 est
1440 2756 1590 2782 eorum
1615 2743 1709 2795 qui-

248 2809 331 2851 bus
353 2809 476 2851 Deus
500 2810 784 2864 cognoscitur
806 2814 856 2849 ut
879 2808 1221 2849 fundamentum
1245 2814 1289 2850 et
1321 2810 1546 2863 exemplar
1568 2811 1707 2850 totius

250 2878 526 2927 moralitatis,
551 2881 602 2918 ut
633 2882 741 2919 sunt
774 2877 950 2919 bonitas
985 2882 1029 2918 et
1055 2878 1435 2919 sauctitas—Ab
1458 2879 1554 2919 aliis
1576 2879 1709 2933 parti-
