2025 3357
613 373 676 402 DE
707 374 1001 405 TESTIMONIO
1035 377 1263 408 HUMANO.
1588 367 1671 410 123

265 498 322 540 1⁰.
355 499 420 540 De
451 499 701 540 Traditione
735 501 857 540 omli.
922 501 1085 543 Modus
1118 517 1206 557 quo
1239 503 1322 544 sibi
1354 505 1543 546 invicem
1578 520 1672 547 suc—

208 567 375 609 cedunt
398 568 531 608 variae
563 568 873 623 generationes
906 569 1069 623 quibus
1103 576 1278 612 constat
1311 574 1442 613 oralis
1476 573 1670 623 traditio,

207 636 301 690 ejus
342 636 674 691 legitimitatem
718 636 890 690 probat.
954 637 1117 680 Obstat
1154 641 1271 681 enim
1309 642 1383 682 ille
1422 642 1579 683 modus
1617 658 1670 684 ne

208 706 323 746 circa
344 705 515 746 factum
537 719 672 760 grave
696 710 741 746 et
762 705 989 759 publicum
1016 722 1137 748 error
1159 714 1236 749 aut
1263 709 1544 751 mendacium
1568 726 1674 766 prze-

206 775 367 815 valeat.
430 773 543 814 Nam
566 774 754 828 singulae
773 776 1083 829 generationes
1103 792 1191 818 non
1214 778 1363 819 subito
1383 787 1670 825 evanescunt.

206 857 288 884 nec
310 844 355 883 in
379 857 531 884 earum
554 843 650 884 loco
669 843 866 884 subeunt
888 844 983 885 alite
1002 847 1312 900 generationes
1331 850 1511 890 omnino
1531 864 1670 898 novee,

206 911 284 953 sed
307 912 468 953 sensim
501 912 595 952 sine
618 926 751 953 sensu
783 917 828 953 et
860 927 937 967 per
968 920 1118 967 partes
1149 915 1234 955 sibi
1265 917 1539 967 succedunt3
1572 934 1672 973 pars

207 995 367 1036 magna
404 981 556 1035 primae
590 995 690 1022 cum
727 981 923 1022 secunda
955 985 1242 1037 generatione
1266 986 1398 1026 simul
1423 988 1589 1035 extitit,
1613 1003 1675 1029 se-

208 1049 365 1090 cundae
390 1064 491 1091 cum
524 1051 657 1091 tertia
689 1056 734 1091 et
766 1050 827 1092 sic
851 1050 904 1092 de
929 1052 1113 1100 ceteris3
1147 1053 1209 1093 ita
1240 1060 1289 1095 ut
1312 1070 1401 1096 non
1424 1057 1573 1110 plures
1596 1057 1673 1098 sed

209 1119 340 1159 unica
380 1119 609 1174 generatio
648 1119 692 1158 in
738 1123 832 1160 tota
874 1119 1130 1162 traditionis
1172 1124 1282 1164 serie
1322 1139 1414 1165 esse
1452 1125 1672 1166 videatur.

209 1187 346 1229 Porro
368 1188 415 1228 in
447 1187 704 1243 hujusmodi
730 1189 1023 1230 successionis
1046 1190 1216 1235 ordine,
1240 1193 1510 1246 impossibile
1535 1200 1600 1235 est
1625 1200 1674 1235 ut

208 1257 323 1298 circa
345 1256 515 1298 factum
537 1271 672 1312 grave
691 1262 735 1298 et
752 1257 983 1311 publicum
1001 1273 1122 1300 error
1143 1261 1395 1302 invehatur.
1460 1263 1674 1305 Homines

208 1327 324 1368 enim
350 1326 406 1367 ad
428 1327 615 1381 primam
636 1327 971 1381 generationem
995 1329 1285 1381 pertinentes.
1311 1333 1387 1385 qui
1412 1332 1455 1371 in
1480 1332 1675 1373 secunda

208 1396 435 1445 vixerunt,
458 1409 650 1437 errorem
682 1395 887 1450 ignorare
911 1410 1000 1436 non
1025 1404 1205 1451 possent
1224 1404 1268 1440 et
1292 1405 1446 1441 contra
1474 1401 1675 1443 fraudem

210 1466 280 1507 vel
314 1464 623 1519 deceptionem
662 1479 751 1505 non
785 1465 1038 1508 reclamare.
1103 1467 1264 1509 Iisdem
1300 1470 1479 1511 motivis
1512 1473 1676 1524 pariter

208 1535 502 1576 reclamarent
523 1535 553 1575 ii
577 1535 668 1589 qui,
684 1534 739 1575 ad
762 1534 1004 1577 secundam
1027 1539 1363 1592 generationem
1385 1541 1674 1594 pertinentes,

209 1605 251 1645 in
277 1604 411 1646 tertia
432 1603 659 1653 vixerunt,
683 1609 727 1645 et
749 1604 812 1645 sic
835 1603 888 1646 de
912 1606 1022 1647 aliis.

268 1673 324 1714 20.
357 1673 424 1715 De
454 1673 670 1714 Historia.
733 1672 780 1714 Si
814 1688 869 1715 ex
904 1688 993 1715 una
1024 1681 1149 1729 parte
1184 1682 1358 1718 constet
1390 1678 1585 1732 aliquam
1618 1679 1679 1718 hi-

209 1744 390 1785 storiam
432 1743 627 1785 auctoris
664 1744 735 1785 vel
779 1744 991 1798 temporis
1028 1759 1121 1785 esse
1161 1746 1232 1786 cui
1270 1746 1497 1795 tribuitur,
1532 1762 1675 1802 neque

209 1812 358 1868 quoad
380 1812 616 1862 factorum,
640 1827 740 1868 quae
764 1811 914 1862 refert,
938 1813 1236 1854 substantiam
1269 1830 1362 1857 esse
1397 1822 1676 1870 corruptam3

209 1888 254 1924 et
276 1897 331 1924 ex
364 1883 503 1924 altera
536 1888 660 1937 parte
693 1882 729 1923 si
763 1887 939 1924 constet
972 1883 1083 1923 nihil
1115 1883 1170 1923 ab
1204 1889 1384 1927 auctore
1420 1884 1556 1927 fuisse
1581 1901 1679 1926 con-

209 1952 425 2007 scriptum
449 1951 569 2006 quod
593 1952 773 1993 veritati
796 1966 885 1993 non
915 1952 974 1993 sit
997 1951 1248 2001 conforme3
1281 1968 1372 2002 seu,
1396 1955 1493 1995 aliis
1516 1955 1674 2000 verbis,

209 2022 246 2062 si
269 2025 443 2063 constet
466 2021 696 2062 historiam
714 2036 808 2063 esse
827 2020 1134 2070 authenticam,
1161 2022 1384 2076 e'ntegyram,
1408 2028 1451 2064 et
1476 2039 1675 2069 veracem,

210 2098 319 2132 tunc
352 2089 522 2132 factum
557 2090 612 2131 ab
646 2090 833 2131 historia
868 2091 1178 2132 transmissum
1212 2092 1393 2148 penitus
1417 2097 1587 2133 certum
1611 2098 1677 2133 est

209 2165 255 2201 et
276 2160 606 2201 inconcussum.
670 2160 816 2214 Atqui
849 2159 902 2201 de
936 2160 1004 2201 his
1037 2165 1239 2201 constare
1273 2176 1361 2201 non
1395 2175 1491 2202 raro
1514 2167 1675 2216 potest.

211 2229 344 2284 Ergo.
406 2228 557 2269 Minor
578 2243 656 2283 per
678 2233 826 2283 partes
849 2228 1077 2283 probatur.

268 2300 319 2352 α)
355 2298 535 2339 Dantur
558 2297 847 2345 characteres,
871 2297 1035 2352 quibus
1067 2298 1345 2339 innotescere
1379 2304 1499 2340 certo
1529 2304 1676 2353 potest

209 2366 266 2408 an
291 2368 390 2409 talis
413 2367 598 2408 historia
629 2367 688 2407 sit
719 2367 967 2421 genuinum
985 2381 1097 2420 opus
1119 2367 1314 2408 auctoris
1337 2368 1408 2408 cui
1433 2368 1647 2408 tribuitur
1667 2384 1675 2416 ;

210 2438 280 2479 vel
316 2442 497 2478 auctore
528 2437 711 2482 latente,
735 2436 893 2477 saltem
927 2436 1023 2490 ejus
1057 2436 1115 2476 sit
1148 2437 1361 2490 temporis
1396 2451 1484 2491 quo
1511 2438 1676 2491 scripta

211 2510 458 2561 reputatur.
522 2504 868 2546 Praescindimus
901 2505 954 2545 ab
988 2505 1040 2545 iis
1065 2504 1397 2547 characteribus
1421 2507 1499 2560 qui
1524 2507 1677 2547 intrin—

210 2576 295 2617 secl
310 2580 656 2629 nuncupantur:
691 2579 739 2614 ut
756 2579 863 2615 sunt
881 2574 1191 2615 ctnivenientia
1211 2575 1317 2628 styli
1336 2579 1381 2616 et
1403 2589 1549 2616 rerum
1575 2590 1671 2616 euni

209 2644 404 2686 auctoris
440 2643 634 2698 ingenio,
657 2643 809 2684 saeculi
846 2642 1084 2697 gentisque
1123 2642 1286 2691 indole,
1321 2644 1530 2693 moribus,
1556 2644 1675 2684 insti-

210 2713 321 2754 tutis
344 2717 389 2754 et
411 2713 646 2754 Sententiis
668 2711 848 2753 aliunde
874 2712 1016 2759 notis3
1051 2725 1446 2753 connnemsnanius
1470 2712 1673 2767 quaedam

211 2787 387 2823 tantum
421 2796 475 2822 ex
508 2781 684 2822 indiciis
717 2781 978 2821 esti-[munus.
1041 2779 1330 2820 Anthentieus·
1354 2786 1419 2821 est
1455 2782 1527 2823 ille
1566 2781 1673 2822 liber

211 2851 338 2906 cujus
372 2849 761 2890 authenticitatem
798 2854 990 2890 testatur
1025 2849 1157 2889 omlis
1193 2850 1386 2890 tradicio.
1411 2849 1465 2889 ab
1503 2850 1672 2903 origine
