2025 3357
307 374 389 415 204
878 383 1197 416 cosnoLomA.

306 513 501 567 explicat
524 513 679 553 mundi
709 513 923 567 originem
956 527 1034 567 per
1056 513 1381 554 emanationem
1415 518 1719 554 transeuntem
1742 528 1766 554 a

306 581 458 621 divina
500 581 773 622 substantia:
820 586 1041 636 quatenus
1078 596 1225 622 reruni
1268 582 1466 622 omnium
1508 582 1675 622 semina
1716 596 1766 622 ac

306 651 502 699 materia,
522 665 577 690 cx
600 664 688 704 qua
711 665 778 690 res
801 655 1021 698 constant,
1046 651 1091 690 in
1114 649 1267 691 divina
1289 649 1539 690 substantia
1562 650 1766 699 existere,

306 724 522 773 extraque
566 720 704 773 ipsam
747 719 893 760 emitti
934 718 1158 759 dicuntur.
1242 718 1371 759 Hanc
1413 720 1766 773 antiquissimam

308 787 493 828 formam
512 787 631 842 apud
654 787 790 828 Indos
813 788 1058 842 praesertim
1081 793 1246 836 notam,
1271 792 1315 828 et
1333 801 1357 827 a
1381 787 1636 842 Pythagora
1659 788 1770 842 ejus-

307 870 393 911 que
416 857 594 897 asseclis
616 856 872 897 scientificis
900 856 1102 897 formulis
1125 870 1391 910 expressam,
1416 855 1559 896 inedia
1583 860 1712 897 {etate
1746 871 1767 897 e

306 927 492 966 mortuis
528 931 772 966 evocarunt
807 924 968 966 Scotus
1001 925 1194 980 Erigena
1217 930 1260 966 et
1286 924 1511 965 Jordanus
1536 925 1771 965 Brund——

309 994 352 1034 2³
373 993 513 1034 forma
536 995 731 1048 explicat
753 995 968 1049 originem
995 993 1149 1033 mundi
1171 1008 1248 1048 per
1272 993 1574 1034 evolutionem
1607 994 1766 1034 realem

307 1064 637 1104 immanentem.
717 1062 845 1103 Hanc
884 1063 1017 1103 etiam
1051 1063 1302 1116 antiquitus
1338 1063 1575 1117 cognitam,
1608 1063 1769 1103 saeculo

308 1132 461 1173 XVII⁰
498 1131 742 1172 scientifico
777 1136 993 1186 apparatu
1028 1132 1329 1186 p1·‹1›pugnavit
1364 1131 1540 1171 Baruch
1568 1131 1769 1185 Spinoza.

309 1200 573 1256 Systematis
595 1214 766 1241 summa
789 1202 832 1240 in
857 1215 907 1241 eo
932 1206 997 1241 est
1021 1201 1118 1249 sita,
1143 1205 1193 1240 ut
1225 1203 1356 1240 unica
1389 1199 1653 1240 admittatur
1675 1199 1774 1240 sub-

308 1271 486 1317 stantia,
521 1270 779 1317 necessaria,
816 1269 1110 1323 improducta,
1144 1268 1333 1318 infinita,
1369 1270 1494 1324 cujus
1537 1269 1624 1309 duo
1667 1273 1773 1310 sunt

309 1339 540 1387 attributa,
583 1339 794 1393 cegitatio
838 1344 882 1379 et
921 1339 1135 1379 extensio.
1214 1337 1323 1379 Haec
1356 1337 1605 1378 substantia
1644 1352 1772 1392 agere

309 1409 555 1449 necessario
589 1407 766 1455 dicitur,
791 1408 882 1447 sive
917 1412 1140 1461 quatenus
1173 1407 1373 1462 cogitans
1405 1412 1485 1455 est,
1508 1407 1599 1447 sive
1624 1412 1776 1460 quate-

309 1490 394 1517 nus
428 1481 638 1523 extensa3
683 1480 906 1529 quatenus
941 1475 1155 1530 cogitans,
1191 1474 1388 1516 diversas
1423 1474 1629 1528 producit
1662 1475 1776 1528 cogi-

309 1546 531 1585 tationum
583 1544 731 1592 series,
774 1558 873 1597 quae
926 1548 1031 1583 sunt
1076 1542 1262 1584 diversee
1305 1543 1535 1583 hominum
1578 1548 1773 1591 mentes3

310 1619 533 1668 quatenus
571 1620 755 1654 extensa
796 1612 1003 1667 producit
1061 1626 1256 1666 corpora,
1296 1627 1396 1653 cum
1438 1612 1643 1653 omnibus
1684 1613 1775 1653 suis

310 1681 634 1722 affectionibus.
700 1680 817 1721 Hinc
851 1695 950 1735 quae
983 1680 1194 1722 videntur
1216 1681 1335 1721 entia
1368 1681 1653 1734 particularia
1685 1695 1774 1721 non

310 1755 416 1792 sunt
458 1751 542 1790 nisi
585 1749 703 1790 modi
756 1751 1029 1790 extenfflonis
1082 1755 1126 1790 et
1181 1750 1476 1804 cogitationis,
1518 1749 1775 1791 affectiones

310 1820 481 1860 scilicet
523 1819 643 1859 iliius
676 1819 817 1859 unicae
851 1818 1141 1865 substantize3
1187 1827 1231 1858 et
1266 1819 1476 1872 quoniam
1519 1817 1775 1859 affectiones

311 1888 572 1929 substanti-az
603 1888 770 1934 insunt,
790 1894 912 1941 patet
946 1887 1055 1942 quid
1079 1887 1271 1941 intelligi
1295 1886 1455 1928 debeat
1478 1888 1655 1928 nomine
1679 1901 1778 1928 evo-

310 1957 495 1998 lutionis
538 1957 666 1997 realis
714 1955 1135 1997 immanentis—3a
1167 1955 1321 2003 forma,
1365 1956 1622 1996 consocians
1674 1970 1777 2010 pan-

312 2026 549 2067 tlieismum
590 2040 687 2065 cum
732 2025 974 2073 idealismo,
1013 2026 1208 2080 explicat
1250 2024 1405 2065 mundi
1447 2025 1661 2079 originem
1698 2038 1776 2078 per

312 2095 612 2136 evolutionem
657 2095 973 2135 immanentem
1015 2094 1229 2141 ideale1n3
1272 2093 1471 2134 admittit
1509 2107 1664 2147 nempe
1707 2108 1775 2134 res

312 2164 423 2204 nihil
446 2178 538 2205 esse
563 2163 684 2203 aliud
708 2178 840 2217 quam
865 2163 1025 2204 ide-alia
1049 2163 1356 2217 phaenomena.
1421 2161 1543 2212 Quas
1558 2163 1677 2203 vices
1691 2162 1776 2203 ista

312 2233 443 2273 tertia
466 2232 607 2272 forma
629 2232 815 2273 subierit
838 2232 1020 2287 longum
1046 2237 1161 2273 esset
1194 2230 1458 2285 expendere.
1512 2230 1775 2284 Systeinatis

313 2301 525 2355 analysim
574 2301 725 2341 videre
778 2305 903 2355 potes
956 2301 1073 2355 apud
1127 2301 1316 2348 Balmes,
1358 2300 1430 2341 vel
1485 2300 1617 2341 etiam
1656 2299 1776 2354 apud

314 2369 557 2424 Tongiorgi
582 2375 659 2410 aut
680 2369 951 2411 Liberatore.
1006 2369 1145 2410 Nobis
1163 2370 1270 2410 satis
1293 2374 1359 2410 est
1383 2368 1600 2410 indicasse
1624 2383 1775 2410 omnes

313 2438 581 2492 pantheismi
615 2438 778 2479 formas
800 2439 845 2478 in
869 2452 919 2479 eo
944 2439 1180 2479 convenire
1206 2444 1255 2478 ut
1278 2438 1454 2478 unicam
1478 2438 1773 2478 substantiam

314 2506 568 2555 admittant,
593 2507 718 2561 cujus
741 2512 899 2548 caetera
922 2508 1043 2548 entia
1066 2521 1151 2547 non
1177 2511 1283 2547 sunt
1315 2507 1400 2546 nisi
1422 2505 1774 2547 modificationes

314 2580 392 2615 aut
415 2575 809 2617 manifestationes.

374 2644 469 2684 288.
504 2644 623 2685 Vera
646 2645 847 2685 doctrina
869 2644 923 2686 de
946 2646 1115 2700 origine
1139 2643 1294 2684 mundi
1317 2644 1574 2684 continetur
1596 2644 1776 2685 creatio-

315 2713 383 2753 nis
398 2712 618 2767 dogmate.
673 2714 849 2754 Cre-atio
866 2714 1160 2754 communiter
1177 2712 1390 2753 definitur
1401 2713 1630 2767 productio
1647 2713 1710 2753 rei
1726 2727 1776 2753 ez

315 2780 464 2821 nihilo.
527 2781 704 2822 Creatio
728 2782 892 2822 dieitur
924 2782 1183 2836 productio:
1218 2781 1261 2822 id
1295 2781 1408 2822 enim
1445 2781 1566 2835 quod
1597 2780 1660 2829 fit,
1685 2795 1773 2822 non

316 2853 383 2890 est
405 2854 507 2890 actu
531 2854 768 2904 antequam
793 2850 883 2890 fiat.
947 2850 1011 2891 At
1032 2851 1137 2892 licet
1159 2849 1205 2890 id
1222 2849 1343 2905 quod
1376 2848 1637 2904 producitur
1671 2854 1774 2890 actu

2017 2739 2025 2856 -4—-
2021 2711 2025 2717 .
2020 2662 2025 2682 ,Α
2023 2611 2025 2618 r

1993 3100 2025 3357 {nummum
2020 3070 2025 3085 -
2012 2873 2025 3061 ...m-„m
