2025 3357
283 394 362 435 128
678 404 1026 435 METAPanicA
1060 405 1350 435 GENErzALis.

280 604 399 645 ART.
434 604 602 644 1.-m‹:
639 613 765 644 ENTE
802 614 1091 644 GENERATIM
1123 615 1185 645 Ao
1217 615 1282 644 DE
1323 616 1571 647 PRINCIPIO
1612 617 1742 655 QUOD

789 682 855 712 As
887 683 947 713 Eo
979 682 1221 712 DIMANAT.

702 813 715 853 ᾧ
726 815 797 844 1.-—·
807 814 1002 854 Quaedam
1031 817 1321 853 praenotantur.

338 882 433 923 164.
469 882 725 937 Conceptus
758 884 1025 939 generaliter
1058 889 1263 938 sumptus
1287 884 1526 938 dupliciter
1549 885 1743 927 conside-

280 953 363 992 rari
401 956 562 1006 potest,
594 951 840 993 formaliter
872 958 916 993 et
951 952 1185 1007 objective.
1249 953 1504 1007 Conceptus
1534 953 1753 1004 sim-males

278 1026 344 1061 est
377 1025 502 1061 actus
535 1020 626 1074 ipse
660 1034 748 1075 quo
782 1022 1040 1063 intellectus
1073 1021 1243 1077 aliquid
1276 1022 1321 1062 in
1353 1036 1397 1063 se
1428 1022 1665 1076 exprimit3
1698 1022 1742 1062 id

278 1096 426 1130 autem
471 1089 590 1144 quod
632 1104 709 1143 per
753 1097 1017 1146 conceptum
1067 1090 1296 1133 formalem
1341 1091 1624 1145 cognoscitur
1665 1104 1743 1132 seu

279 1162 637 1213 reprtesentatun
661 1165 848 1200 vocatur
881 1166 1123 1216 conceptus
1157 1160 1399 1213 oly'eeticns.
1463 1158 1577 1200 Cum
1609 1158 1745 1201 homi-

279 1241 378 1268 nem
402 1242 443 1267 v.
466 1242 508 1283 g.
532 1229 819 1283 concipimus,
844 1230 918 1272 ille
949 1236 1075 1272 actus
1105 1245 1237 1285 quem
1270 1231 1315 1270 in
1348 1234 1495 1271 mente
1529 1228 1742 1270 efficimus

278 1295 333 1337 ad
356 1296 580 1339 hominem
624 1299 965 1353 concipiendum
1009 1306 1194 1341 vocatur
1238 1304 1479 1354 conceptus
1518 1298 1742 1347 formalis3

280 1367 409 1408 homo
442 1373 604 1416 autem,
629 1357 834 1423 cognitus
867 1374 912 1409 et
945 1374 1288 1423 reprzesentatus
1321 1369 1396 1410 illo
1429 1373 1545 1417 actu,
1578 1367 1743 1410 dicitur

280 1442 523 1491 conceptus
555 1437 816 1492 objectivus.
880 1437 1147 1479 Discrimina
1180 1439 1295 1479 inter
1328 1443 1567 1492 utrumque
1601 1437 1742 1479 videri

279 1511 466 1560 possunt
489 1505 607 1560 apud
632 1505 793 1547 Suarez
820 1506 969 1560 (Disp.
996 1507 1053 1547 H.
1079 1506 1171 1561 gl.)
1222 1506 1360 1548 Nobis
1383 1506 1528 1548 dicere
1552 1506 1743 1548 sufficiat

281 1580 546 1629 conceptum
588 1574 818 1617 formalem
870 1590 1042 1630 semper
1084 1591 1176 1617 esse
1219 1575 1391 1631 aliquid
1431 1572 1655 1631 singulare
1698 1580 1742 1618 et

279 1645 460 1700 physice
484 1645 705 1693 existens3
739 1644 844 1685 dum
876 1650 1117 1699 c‹s›nceptus
1149 1645 1370 1700 objective
1400 1650 1626 1700 spectatus
1649 1659 1741 1686 esse

280 1715 432 1768 possit,
455 1718 499 1755 et
521 1727 636 1767 saepe
660 1719 739 1762 est,
763 1713 873 1767 quid
895 1714 967 1755 vel
998 1714 1203 1768 pluribus
1238 1728 1484 1761 commune,
1509 1714 1579 1755 vel
1611 1714 1744 1768 possi-

279 1781 367 1824 bile
391 1788 582 1823 tantum.
646 1782 733 1823 Hic
766 1783 940 1837 proprie
974 1783 1145 1837 agimus
1177 1782 1230 1824 de
1266 1789 1485 1837 conceptu
1519 1782 1741 1838 objectivo

281 1852 409 1900 entis,
433 1851 644 1892 videlicet
675 1851 943 1905 inquirimus
975 1850 1086 1906 quid
1116 1852 1175 1892 sit
1206 1851 1319 1892 illud
1351 1851 1470 1906 quod
1502 1857 1743 1906 conceptus

280 1920 478 1961 formalis
502 1920 615 1961 entis
638 1925 941 1973 repraesentat.

340 1988 435 2030 165.
469 1988 565 2029 Eas
596 1988 836 2042 dupliciter
869 1990 983 2029 sumi
1016 1995 1177 2043 potest,
1199 1990 1267 2031 uti
1298 1990 1582 2044 participium
1610 1994 1655 2031 et
1677 1990 1743 2030 uti

282 2073 455 2100 nomen.
519 2058 564 2099 Si
587 2062 789 2099 sumatur
810 2064 1032 2112 quatenus
1066 2059 1349 2113 participium
1373 2064 1452 2107 est,
1476 2057 1592 2099 idem
1615 2064 1744 2099 sonat

282 2142 331 2169 ac
354 2134 449 2168 actu
473 2127 657 2168 existens
672 2141 689 2175 ,·
720 2127 757 2168 si
779 2132 1002 2181 quatenus
1025 2141 1199 2173 nomen,
1224 2127 1481 2181 przescindit-
1502 2127 1557 2169 ab
1579 2127 1741 2168 actuali

282 2197 521 2238 existentia
539 2201 583 2237 et
603 2196 772 2237 indicat
789 2196 985 2250 aliquam
1008 2197 1269 2245 realitatem‚
1289 2197 1399 2250 quin
1422 2196 1745 2238 determinetur

282 2280 487 2320 quaenam
511 2280 560 2307 ea
582 2266 653 2306 sit.
717 2265 951 2316 Quomodo
976 2271 1124 2306 autem
1147 2266 1263 2306 entis
1286 2270 1541 2319 conceptus,
1566 2280 1666 2306 cum
1689 2264 1744 2306 ad

283 2334 490 2376 inferiora
523 2333 753 2375 descendit
784 2349 863 2375 seu
895 2335 1082 2389 singulis
1115 2334 1390 2382 attribuitur,
1421 2333 1744 2375 determinatus

282 2402 455 2446 evadat,
479 2404 701 2457 praecipua
722 2403 856 2458 hujus
878 2404 1054 2444 articuli
1084 2403 1271 2457 quaestio
1295 2408 1374 2451 est,
1398 2417 1532 2457 quam
1555 2402 1746 2444 deelara-

283 2471 428 2513 bimus
464 2472 596 2513 simul
633 2478 677 2513 et
714 2472 999 2526 probabimus
1033 2473 1076 2512 in
1109 2472 1411 2526 propositione
1444 2486 1548 2512 mox
1579 2470 1745 2512 stabili-

283 2540 410 2583 enda.
489 2540 575 2581 Hic
627 2541 937 2581 tantummodo
990 2548 1195 2582 notamus
1247 2541 1465 2582 rationem
1516 2541 1632 2582 entis
1682 2541 1744 2581 sic

283 2609 625 2650 indeterminate
677 2615 903 2664 acceptam
955 2611 1246 2651 essentialiter
1287 2610 1516 2665 praedicari
1559 2608 1611 2650 de
1654 2609 1744 2650 suis

284 2677 581 2726 inferioribus,
605 2679 809 2732 quamvis
832 2694 909 2720 ens
932 2680 1271 2734 participialiter
1293 2684 1521 2733 sumptum
1543 2678 1602 2719 sit
1624 2679 1747 2719 attri-

284 2746 443 2788 butum
476 2747 711 2788 essentiale
745 2749 881 2789 solius
915 2748 1011 2790 Dei.
1076 2748 1331 2802 Utrumque
1364 2753 1508 2803 patet3
1552 2749 1744 2803 primum

286 2814 464 2869 quidem
508 2816 613 2869 quia
655 2816 829 2856 nullum
873 2832 949 2858 ens
988 2818 1160 2872 concipi
1202 2822 1362 2872 potest,
1402 2818 1511 2871 quin
1549 2818 1743 2871 aliquam

286 2883 445 2926 habeat
486 2884 760 2933 realitatem3
794 2886 981 2927 alterum
1025 2892 1173 2928 autem
1209 2901 1264 2927 ex
1297 2900 1346 2927 eo
1380 2885 1500 2940 quod
1532 2885 1656 2925 nulla
1687 2885 1745 2926 sit
