2025 3357
448 1049 991 1100 METAPHYSICA
1041 1050 1470 1101 GENERALIS

692 1198 810 1240 SEU
843 1197 1233 1240 ONTOLOGIA.

283 1315 379 1356 162.
419 1314 743 1370 Metaphysica,
761 1315 797 1356 si
819 1315 1011 1356 nominis
1034 1315 1125 1356 vim
1148 1321 1333 1370 spectes,
1352 1315 1469 1358 idem
1492 1323 1619 1359 sonat
1641 1333 1690 1360 ac

218 1391 319 1440 post
358 1385 431 1426 vel
476 1385 597 1425 ultra
636 1383 833 1440 physica.
898 1384 1189 1441 Originemne
1231 1400 1392 1427 nomen
1436 1386 1596 1429 habeat
1637 1389 1690 1429 ab

224 1454 470 1496 Aristotele
493 1454 564 1494 vel
588 1453 642 1494 ab
666 1454 761 1509 ejus
784 1454 1028 1509 discipulis,
1047 1454 1268 1496 incertum
1293 1462 1467 1504 manet3
1501 1457 1691 1498 nominis

223 1529 374 1564 autem
396 1523 614 1564 rationem
641 1523 716 1563 alii
740 1522 901 1565 exinde
929 1528 1141 1578 repetunt
1171 1524 1293 1579 quod
1323 1524 1476 1567 ordine
1507 1526 1692 1580 acquisi-

222 1593 358 1632 tionis
414 1597 516 1646 post
567 1606 716 1633 rerum
771 1593 1068 1635 materialium
1118 1593 1349 1635 scientiam
1402 1596 1566 1645 veniat,
1614 1611 1690 1638 seu

224 1660 427 1716 Physicae
450 1661 687 1709 succedat3
720 1662 795 1702 alii
813 1676 868 1703 ex
886 1677 936 1704 eo
956 1662 1076 1717 quod
1100 1663 1232 1718 hujus
1250 1664 1447 1706 scientiae
1466 1664 1689 1720 objectum

222 1736 428 1771 naturam
461 1731 729 1779 sensibilem,
754 1746 833 1773 seu
865 1731 1063 1774 ordinem
1091 1747 1235 1774 rerum
1261 1733 1543 1788 physicarum
1567 1749 1691 1791 supe-

221 1805 303 1841 ret.
366 1800 598 1841 Dividitur
635 1805 784 1842 autem
827 1803 873 1842 in
911 1800 1267 1857 Metaphysicam
1310 1803 1621 1857 particularem
1647 1809 1689 1846 et

220 1871 487 1925 generalem,
520 1883 621 1924 quae
654 1884 755 1911 cum
787 1870 1187 1913 universalissimas
1219 1872 1465 1926 perpendat
1498 1874 1689 1915 rationes

220 1938 277 1979 ad
299 1940 415 1980 entis
448 1939 676 1980 notionem
708 1939 997 1993 pertinentes,
1021 1954 1183 1982 nomen
1217 1939 1447 1995 Ontoloyz'ce
1480 1941 1688 1984 obtinuit.

221 2007 352 2049 Hanc
375 2021 616 2049 versamus.
682 2007 874 2059 Quantae
910 2009 1135 2058 utilitatis,
1159 2010 1292 2051 immo
1332 2014 1376 2051 et
1413 2012 1689 2053 necessitatis

220 2077 280 2118 sit
307 2077 402 2118 haec
434 2076 726 2131 philosophiae
758 2092 872 2131 pars,
896 2078 969 2120 ille
1003 2079 1159 2133 procul
1192 2077 1328 2119 dubio
1362 2080 1587 2136 intelligit,
1612 2081 1687 2135 qui

219 2150 503 2201 perspectum
526 2145 661 2187 habet
679 2146 790 2186 nibil
808 2147 852 2187 in
872 2147 1070 2189 scientiis
1093 2137 1299 2188 huma-nis
1319 2148 1517 2190 conferre
1537 2150 1687 2205 magis,

220 2229 354 2270 quam
377 2220 520 2257 rectas
552 2229 700 2256 rerum
733 2216 938 2258 notiones
970 2217 1211 2272 percipere.
1276 2217 1437 2258 Totam
1466 2219 1690 2261 tractatio-

221 2299 322 2326 nem
344 2284 544 2339 quinque
569 2284 789 2339 capitibus
812 2285 1107 2327 absolvemus.
1694 2280 1701 2294 χ

657 2420 909 2469 CAPUT
958 2421 1274 2470 PRIMUM.

345 2543 420 2585 DE
452 2544 589 2585 ΕΝΤΕ
621 2544 688 2585 ΕΤ
722 2545 968 2586 ESSENTIA
1001 2546 1284 2594 Eotzt‘MQUE
1317 2545 1569 2590 STATmtrs.

1659 2665 1673 2681 Ο

277 2659 374 2702 163.
409 2660 520 2711 Quae
564 2661 856 2702 tractabimus
898 2662 943 2702 in
987 2662 1067 2703 hoc
1112 2663 1269 2716 capite,
1313 2662 1406 2704 haec
1449 2670 1578 2705 sunt:
1630 2664 1685 2705 1.

221 2728 342 2780 Quid
365 2730 423 2771 sit
445 2744 522 2771 ens
545 2734 589 2772 et
618 2744 824 2785 quaenam
853 2730 907 2772 ab
938 2746 987 2773 eo
1018 2732 1235 2786 principia.
1268 2732 1521 2774 immediate
1555 2733 1687 2774 dima-

218 2803 349 2848 nent3
384 2797 439 2839 2⁰.
464 2798 702 2850 Quodnam
726 2799 783 2841 sit
807 2801 922 2841 entis
946 2801 1313 2849 constitutivum3
1345 2800 1400 2841 3⁰.
1426 2800 1684 2857 Quotuplici

217 2872 340 2909 statu
363 2881 441 2909 ens
464 2868 636 2923 concipi
659 2870 813 2923 possit.
1284 2926 1326 2950 m
