2025 3357
624 403 687 433 DE
719 402 950 432 HUMANA·
970 401 1255 431 LIBERTATE.
1589 388 1671 428 323

207 545 388 581 nexum,
411 530 610 572 libertati
641 543 729 570 non
753 528 987 583 subjacent
1009 528 1086 570 sed
1108 528 1355 570 necessario
1379 532 1668 581 appetuntur.

208 601 425 641 Attamen
462 600 534 640 vel
569 598 737 639 bonum
775 597 949 639 infinite
987 598 1236 652 perfectum
1279 601 1425 651 potest
1463 595 1670 637 electioni

207 669 450 724 subjacere,
493 668 548 709 ob
590 666 972 721 imperfectionem
1023 667 1213 722 subjecti
1260 667 1305 706 in
1353 680 1441 720 quo
1489 664 1670 705 libertas

206 739 453 793 reperitur3
486 737 541 779 ob
563 750 764 777 mancam
797 740 842 777 et
873 737 1109 776 limitatam
1144 736 1444 791 cognitionem
1484 747 1583 787 quae
1617 732 1669 773 de

207 811 309 849 ente
351 806 527 848 infinito
569 805 773 846 habetur.
837 804 956 845 Hinc
994 805 1146 845 divina
1183 804 1371 852 bonitas,
1404 804 1508 844 licet
1542 802 1586 842 in
1626 815 1669 842 se

206 875 396 921 infinita,
420 889 474 916 ex
507 878 670 915 nostrae
709 873 978 928 cognitionis
1015 872 1366 927 imperfectione,
1390 872 1670 911 voluntatem

206 944 262 985 ad
285 958 329 986 se
362 942 609 985 necessario
642 956 731 982 non
764 942 905 996 rapit3
939 956 989 982 ac
1021 941 1206 996 proinde
1235 955 1333 981 cum
1368 940 1495 980 bonis
1519 938 1669 981 finitis.

206 1027 397 1068 quorum
435 1011 797 1067 experimentalis
835 1011 1032 1065 cognitio
1072 1010 1273 1059 habetur,
1298 1008 1489 1050 conferri
1523 1013 1670 1062 potest

206 1087 341 1137 atque
376 1083 463 1122 illis
497 1080 766 1135 posthaberi.
831 1080 901 1120 Ex
935 1080 1002 1120 his
1036 1079 1228 1121 infertur
1263 1093 1363 1119 eum
1396 1078 1512 1117 bona
1544 1076 1669 1117 finita

205 1156 303 1192 tum
338 1151 507 1192 bonum
543 1149 783 1198 infinitum,
812 1153 947 1203 prout
984 1163 1008 1189 a
1052 1148 1180 1190 nobis
1216 1162 1336 1188 nunc
1374 1146 1670 1202 cognoscitur.

205 1220 365 1275 subjici
388 1220 596 1261 electioni
618 1224 781 1260 nostrae
805 1219 1064 1259 voluntatis.

263 1289 361 1330 430.
394 1289 626 1330 Postremo
650 1287 1048 1329 animadvertimus
1065 1292 1303 1340 antequam
1325 1285 1381 1326 ad
1398 1285 1557 1326 thesim
1577 1299 1673 1339 pro—

205 1358 397 1400 bandam
434 1357 709 1401 accedamus.
733 1357 817 1398 etsi
855 1362 994 1406 actus,
1017 1357 1095 1411 qui
1132 1370 1157 1396 a
1194 1356 1428 1396 voluntate
1466 1355 1671 1408 imperati

205 1428 430 1477 dicuntur,
455 1428 596 1468 coacti
629 1441 722 1468 esse
757 1426 942 1481 possint,
966 1439 1214 1481 repugnare
1250 1430 1301 1465 ut
1323 1429 1448 1464 actus
1471 1438 1495 1463 a
1518 1424 1673 1463 volun-

204 1501 296 1539 tate
339 1497 478 1538 eliciti
520 1496 661 1538 coacti
703 1496 807 1536 sint.
886 1494 1021 1546 Quod
1061 1495 1124 1535 ita
1165 1494 1324 1548 probat
1366 1493 1408 1534 S.
1452 1494 1669 1534 Thomas:

207 1567 479 1618 “Quantum
514 1565 570 1607 ad
603 1571 730 1606 actus
763 1579 787 1605 a
819 1565 1053 1606 volunta-te
1089 1565 1328 1618 imperatos
1350 1563 1559 1604 voluntas
1582 1564 1671 1603 vio-

204 1637 388 1679 lentiam
420 1637 514 1692 pati
546 1641 708 1691 potest,
731 1635 776 1676 in
804 1639 1023 1690 quantum
1048 1649 1126 1689 per
1158 1633 1417 1675 violentiam
1450 1633 1669 1674 exteriora

205 1706 401 1749 membra
442 1706 648 1760 impediri
689 1709 878 1760 possunt
920 1708 971 1744 ut
1012 1703 1247 1758 imperium
1284 1703 1533 1750 voluntatis
1576 1715 1673 1743 exe-

205 1781 416 1831 quantur.
498 1774 585 1817 Sed
636 1781 855 1829 quantum
900 1773 953 1814 ad
1006 1774 1151 1827 ipsum
1199 1772 1426 1827 proprium
1469 1772 1673 1812 volunta-

204 1846 311 1887 tatis
353 1850 515 1894 actum,
548 1859 637 1885 non
680 1848 828 1898 potest
861 1843 900 1885 ei
937 1843 1154 1884 violentia
1197 1842 1364 1883 inferri.
1443 1841 1501 1881 Et
1538 1841 1671 1895 hujus

205 1920 273 1957 est
312 1914 440 1964 ratio,
484 1914 589 1968 quia
639 1918 766 1953 actus
807 1913 1057 1953 voluntatis
1099 1911 1212 1952 nihil
1263 1916 1329 1953 est
1373 1909 1495 1951 aliud
1537 1925 1670 1964 quam

204 1983 437 2025 inclinatio
461 1982 665 2038 quaedam
698 1981 943 2036 procedens
970 1981 1024 2022 ab
1047 1981 1250 2022 interiori
1272 1980 1490 2034 principio
1514 1994 1673 2034 cogno-

204 2057 371 2095 scente.
396 2084 405 2093 .
430 2084 438 2093 .
464 2084 472 2093 .
498 2050 632 2102 Quod
654 2056 802 2092 autem
827 2056 894 2092 est
917 2056 1121 2092 coactum
1144 2040 1215 2091 vel
1240 2049 1501 2090 violentum.
1526 2055 1591 2089 est
1616 2048 1669 2089 ab

205 2122 416 2163 exteriori
453 2121 685 2176 principio.
749 2119 880 2161 Unde
920 2124 1075 2161 contra
1112 2119 1329 2159 rationem
1368 2118 1507 2171 ipsius
1544 2122 1670 2158 actus

204 2191 454 2232 voluntatis
492 2195 572 2237 est,
596 2188 719 2244 quod
756 2189 814 2230 sit
852 2194 1032 2230 coactus
1054 2189 1126 2230 vel
1149 2188 1388 2229 violentus.
1414 2219 1422 2226 .
1448 2218 1456 2226 .
1482 2218 1489 2226 .
1515 2185 1669 2240 Potest

205 2259 336 2301 homo
359 2273 437 2314 per
459 2258 720 2301 violentiam
743 2257 873 2305 trahi,
892 2257 968 2299 sed
992 2256 1114 2312 quod
1136 2257 1219 2298 hoc
1243 2257 1300 2297 sit
1322 2270 1377 2297 ex
1401 2256 1495 2310 ejus
1519 2256 1672 2295 volun-

205 2333 312 2379 tate,
335 2333 557 2384 repugnat
589 2327 753 2368 rationi
775 2326 1046 2369 violentiae.”
1112 2325 1221 2367 Haec
1254 2325 1389 2366 habet
1420 2325 1466 2365 in
1490 2324 1670 2365 Summa

206 2397 479 2453 Theologica
499 2395 570 2451 (1²,
593 2395 643 2436 2ΞΙΒ
666 2396 781 2451 q.V1
805 2399 822 2417 ἢ
844 2400 925 2436 art.
949 2395 1076 2449 IV.).
1139 2394 1223 2435 His
1246 2394 1505 2435 declaratis:

759 2532 772 2572 §
789 2532 877 2563 2.—
889 2531 1129 2568 Propositio.

276 2599 484 2643 Voluntas
518 2599 718 2642 humana·
736 2601 899 2655 yazcclet
933 2599 1128 2640 libertate
1155 2597 1341 2638 arbitrii.
1404 2596 1509 2637 Hoee
1530 2603 1668 2637 autem

208 2669 382 2712 libertas
403 2685 488 2711 non
514 2672 633 2711 modo
664 2670 856 2726 postulat
878 2668 1222 2724 inclzff'erentiam
1245 2667 1487 2719 objeetc'vam
1513 2673 1550 2706 et
1574 2680 1674 2721 pas·—

209 2741 357 2789 sz'vam,
375 2754 520 2781 verum
543 2741 684 2790 etiam,
704 2746 742 2781 et
758 2739 991 2795 prcecz'pue,
1011 2738 1191 2778 activam
1206 2752 1223 2785 ,·
1256 2736 1419 2792 quccfiss
1439 2743 1496 2784 ut,
1516 2735 1672 2791 positi-s·

210 2808 402 2851 omnibus
436 2809 656 2865 requisitis
691 2810 749 2850 ad
783 2809 1008 2862 assendum,
1033 2807 1229 2847 voluntas
1260 2806 1400 2861 possit
1439 2820 1560 2857 affere
1597 2809 1673 2844 aut

209 2893 295 2921 non
316 2893 438 2932 agere
454 2891 471 2926 ,·
503 2878 566 2919 vel
588 2878 652 2919 ita
675 2878 827 2931 eligere
851 2891 985 2918 uuum
1006 2882 1054 2917 ut
1070 2876 1212 2932 possit
1235 2875 1359 2915 aliud
1382 2874 1548 2927 eli-(sem.
